1782 2980
272 301 475 338 Blassium.
527 301 566 338 Is
592 313 642 339 ex
674 313 732 350 eo,
764 300 866 352 quod
897 301 936 338 in
969 300 1000 348 ἓ.
1027 302 1076 338 32
1108 301 1227 351 uerba
1254 300 1336 339 οἵδε
1368 302 1605 346 ἐποιήσαντο

271 362 462 411 leguntur,
489 374 588 412 quae
615 372 739 410 neque
764 374 787 399 a
806 360 1023 412 Chrysippo
1050 373 1174 412 neque
1201 374 1225 399 a
1251 361 1370 400 fratre
1395 361 1498 400 dicta
1524 374 1606 400 esse

272 425 440 472 possunt,
466 421 657 460 concludit
683 422 892 460 orationem
920 421 969 459 ab
996 421 1129 459 ultimo
1156 422 1263 460 initio
1289 422 1344 472 ita
1367 421 1486 460 fuisse
1508 435 1606 460 com-

272 486 458 532 paratam,
492 486 535 519 ut
569 495 592 519 a
626 485 761 520 neutro
795 481 942 530 horum,
978 481 1044 519 sed
1080 494 1103 519 a
1137 486 1297 533 patrono
1324 482 1463 532 aliquo,
1492 495 1606 533 quem

272 543 482 593 συνήγορον
506 546 646 580 uocant
665 541 815 590 Graeci,
839 541 1039 589 diceretur,
1064 546 1103 579 et
1121 546 1265 593 postea,
1286 542 1352 580 ubi
1371 541 1606 594 Chrysippus

273 616 358 641 cam
386 602 468 652 ipse
493 602 638 641 habere
665 602 930 650 constituisset,
964 615 1050 640 cum
1082 615 1177 653 opus
1204 606 1304 641 esset
1329 603 1607 650 retractatione,

272 676 346 701 non
387 675 433 701 ea
473 676 550 714 qua
590 663 747 701 deberet
791 675 907 714 opera
951 666 1067 713 atque
1107 662 1304 710 diligentia
1343 663 1605 714 pronominum

271 723 608 762 commutationem
631 736 713 762 esse
736 723 890 772 factam,
911 723 965 761 ita
987 727 1030 761 ut
1052 723 1204 775 saepius
1225 724 1378 774 legatur
1398 736 1607 773 pronomen

271 785 612 823 dcmonstratiuum
639 798 707 836 pro
734 784 925 835 personali
951 785 1183 835 pronomine.
1235 784 1361 829 Quam
1388 797 1460 835 ego
1488 784 1606 835 expli-

273 845 460 883 cationem
488 844 584 883 adeo
619 858 693 883 non
719 845 846 894 reicio,
877 849 919 883 ut
946 844 994 883 ad
1022 857 1107 883 eam
1134 844 1432 883 confirmandam
1458 858 1606 894 sperem

272 905 415 956 aliquid
443 918 466 943 a
492 918 553 943 me
588 905 749 943 conferri
775 918 896 954 posse.
949 905 1076 949 Quid?
1109 905 1268 943 maximi
1294 918 1418 943 nonne
1446 909 1503 943 est
1528 918 1606 943 mo-

271 966 402 1015 menti,
430 965 532 1017 quod
554 967 593 1004 in
612 979 687 1004 uno
706 965 917 1016 eodemque
934 965 1169 1017 paragraphi
1187 966 1391 1004 uicesimae
1410 965 1607 1004 enuntiato

272 1032 310 1065 ot
345 1027 545 1078 personale
580 1039 786 1078 pronomen
821 1049 871 1053 —
908 1027 1230 1076 ἀγανακτοῦντος
1265 1026 1305 1063 δέ
1339 1042 1427 1076 μου
1455 1028 1606 1064 ...καὶ

270 1086 539 1138 παρεχομένου
566 1088 660 1140 πρὸς
687 1089 758 1125 τὸν
777 1086 980 1130 διαιτητὴν
1007 1087 1078 1131 τὴν
1099 1087 1222 1132 αὐτὴν
1245 1088 1473 1139 μαρτυρίαν,
1492 1086 1605 1139 ἥνπερ

270 1149 334 1184 καὶ
374 1153 445 1185 νῦν
483 1148 577 1200 πρὸς
616 1151 716 1197 ὑμᾶς
761 1147 1066 1199 παρέχομαι,
1106 1154 1182 1185 τῶν
1221 1148 1259 1192 ἐξ
1299 1149 1417 1196 ἀρχῆς
1455 1149 1606 1199 προςελ·

270 1207 425 1244 ἓόντων
459 1209 565 1256 αὐτῷ
591 1209 676 1255 μεθ’
710 1209 812 1255 ἡμῶν
844 1229 892 1234 -
921 1210 959 1244 et
984 1205 1323 1245 demonstratiuum
1346 1228 1396 1233 —
1423 1205 1608 1256 (ὁμολόγει

273 1269 338 1316 μὲν
373 1268 556 1319 εἰρηκέναι
588 1272 724 1304 ταῦτα
760 1267 855 1319 πρὸς
889 1272 1077 1305 τοῦτον
1103 1291 1151 1296 -—-
1179 1267 1228 1305 ad
1263 1267 1425 1306 eundem
1461 1271 1607 1319 spectat

271 1326 597 1379 Chrysippum?¹)
629 1327 836 1379 Reliquum
872 1332 938 1375 est,
972 1332 1013 1366 ut
1048 1330 1085 1366 ἐν
1119 1334 1174 1379 τῷ
1204 1330 1304 1379 μέρει
1342 1328 1461 1366 uerba
1495 1340 1605 1378 para-

271 1389 408 1440 graphi
435 1389 580 1440 primae
608 1389 696 1426 huic
723 1389 1026 1440 interpretationi
1053 1389 1208 1427 minime
1235 1389 1385 1427 obstare
1412 1401 1604 1427 moneam:

270 1450 318 1487 (le
345 1462 421 1500 qua
447 1463 488 1487 re
524 1450 737 1487 accuratius
764 1449 911 1488 dicetur
938 1450 1013 1488 alio
1039 1450 1131 1488 loco.

372 1510 474 1548 Satis
508 1510 624 1559 igitur
654 1510 807 1548 uidetur
848 1523 1035 1562 apparere
1069 1511 1277 1548 orationem
1312 1510 1521 1548 XXXIIII.
1556 1510 1604 1548 ab

271 1584 345 1608 uno
373 1575 527 1608 auctore
555 1584 599 1608 eo
626 1570 780 1608 consilio
808 1584 890 1608 esse
917 1571 1180 1621 conscriptam,
1208 1576 1249 1608 ut
1283 1571 1332 1608 ab
1365 1583 1440 1608 uno
1467 1575 1606 1618 actore,

270 1644 344 1668 non
373 1644 395 1668 a
423 1630 572 1668 duobus
598 1630 701 1682 apud
728 1630 871 1669 iudices
898 1631 1114 1669 haberetur.

371 1691 583 1729 Veniamus
609 1704 710 1729 nunc

743 1780 796 1819 ad
827 1780 1133 1829 elocutionem,

270 1886 384 1923 quam
413 1873 477 1923 qui
497 1873 700 1922 diligenter
721 1873 1011 1921 examinauerit,
1039 1886 1113 1910 non
1132 1873 1321 1911 dubitabit
1339 1878 1488 1922 ‘negare
1507 1874 1603 1911 hanc

269 1934 476 1971 orationem
505 1946 527 1970 a
554 1933 813 1971 Demosthene
841 1946 922 1971 esse
950 1933 1209 1983 compositam.

371 1993 499 2044 Atque
525 1994 689 2043 primum
717 1993 869 2042 quidem

466 2074 520 2112 de
557 2075 749 2112 delectu
789 2079 833 2112 et
872 2078 1119 2112 structura
1154 2075 1407 2113 uerborum

269 2156 421 2192 uidetur
448 2168 530 2192 esse
549 2155 820 2193 disserendum.
860 2155 1072 2205 Sequemur
1090 2160 1218 2193 antem
1237 2157 1416 2194 orationis
1434 2156 1603 2194 ordinem

268 2216 304 2253 in
335 2215 603 2253 enumerandis
630 2216 695 2263 eis,
721 2228 820 2265 quae
848 2215 972 2253 aliena
1001 2220 1087 2253 sunt
1114 2229 1137 2253 a
1164 2215 1433 2254 Demosthenis
1460 2229 1541 2254 usu.

369 2277 400 2322 ξ.
423 2278 462 2312 l:
491 2276 635 2311 Δίκαια
652 2277 753 2321 ὑμῶν
777 2275 990 2323 δεησόμεὲζ
1010 2275 1037 2311 ὦ
1052 2274 1184 2326 ἄνδρες
1207 2277 1407 2320 δικασταὶ,
1433 2278 1603 2313 ἀκοῦσαι

266 2338 365 2382 ἡμῶν
407 2336 489 2381 μετ’
526 2335 676 2378 εὐνοίας
717 2336 755 2371 ἐν
793 2340 847 2383 τῷ
880 2332 978 2384 μέρει
1018 2333 1224 2384 λεγόντωνε
1260 2335 1441 2372 nonnulla
1475 2335 1534 2372 his
1565 2335 1603 2371 in

267 2395 394 2432 uerbis
439 2395 579 2441 insunt,
627 2406 726 2442 quac
771 2407 855 2431 cum
903 2394 1088 2432 similibus
1134 2398 1345 2432 ceterarum
1391 2396 1602 2433 orationum

371 2499 392 2535 ¹)
415 2501 455 2530 of.
478 2498 504 2536 ,8.
532 2499 572 2529 35)
602 2499 655 2529 καὶ
688 2496 705 2528 ὑ
736 2496 888 2541 Λάμπις.
919 2496 982 2529 ὅσα
1010 2497 1075 2540 μὲν
1098 2495 1167 2529 εἶπε
1200 2496 1304 2539 πρὸς
1333 2499 1404 2541 ἐμὲ
1437 2500 1516 2540 πρὶν
1540 2497 1602 2530 ὑπὸ

270 2549 384 2580 Μίνων
407 2551 650 2590 ὸἸαᾳιΊιῳῆνιιι,
676 2550 736 2582 οὐκ
759 2549 852 2586 {mag
874 2549 921 2582 «δι’
944 2549 1045 2582 αὑτοῦ
1068 2561 1171 2591 φησιν
1193 2553 1309 2582 effmfv.
