1782 2980
803 194 1050 231 -38-

260 304 419 341 articulo
445 316 574 342 carere
600 305 828 343 infinitiuum
856 304 887 352 ἓ.
917 307 961 343 19
990 306 1034 342 οὐ
1066 304 1137 356 γὰρ
1164 305 1297 354 ὅμοιόν
1325 302 1432 344 ἐσὲτιν
1459 308 1507 352 εἰς
1535 315 1588 346 τὰ

261 364 425 416 ὑμέτερα
460 365 643 415 πρόςωπα
671 367 916 414 ἐμβλέποντα
944 368 996 404 τὰ
1032 367 1148 411 ψευδῆ
1176 376 1379 419 μαρτυρεῖν
1405 360 1470 405 aad
1495 370 1587 420 πρὸς
1629 362 1631 364 v

262 426 452 473 διαιτητῇ.

360 484 447 522 Jam
475 498 567 524 uero
593 484 641 524 de
669 485 893 525 formulis
919 486 1076 536 dicatur,
1102 486 1238 536 quibus
1265 491 1390 526 orator
1415 488 1588 528 iudices

262 546 544 595 alloquitur.
595 546 640 583 In
676 547 835 596 priuatis
866 548 1134 586 Demosthenis
1169 548 1400 585 orationibus
1435 553 1585 587 centum

261 606 507 656 septuaginta
546 610 724 655 quattuor
762 607 927 645 iudicum
968 608 1213 646 allocutiones
1246 608 1502 657 inueniuntur,
1540 607 1588 648 de

262 666 400 714 quibus
431 670 582 704 eentum
609 671 754 718 septem
782 668 806 705 <5
827 668 960 718 ἄνδρες
994 669 1192 716 δικασταί,
1218 669 1417 715 sexaginta
1443 673 1587 720 septem

260 724 286 760 ὦ
316 723 442 777 ἄνδρες
478 728 682 769 Ἀθηναῖοι
718 728 901 765 exhibent
935 728 1073 765 uerba:
1113 741 1162 765 ex
1200 742 1273 778 quo
1309 729 1534 778 intelligitur
1567 730 1593 766 ὦ

262 782 394 834 ἄνδρες
415 787 603 822 δικασταί
630 786 793 825 formula
812 787 849 824 in
876 788 1034 837 priuatis
1052 788 1282 826 orationibus
1300 788 1452 838 saepius
1477 802 1588 827 usum

261 858 343 883 esse
363 846 658 885 Demosthenem
677 860 791 896 quam
811 848 837 885 ὦ
855 848 987 900 ἄνδρές
1006 850 1208 892 Ἀθηναῖοι
1228 850 1398 888 formula.
1429 850 1589 888 Prorsus

261 907 376 944 aliam
392 907 440 952 ,in
460 909 629 946 oratione
648 908 856 947 XXXIIII.
876 923 1007 947 cernas
1025 910 1220 948 rationem.
1246 911 1462 959 Usurpatur
1488 911 1588 948 enim

262 968 424 1004 formula
456 968 483 1005 ὦ
516 967 648 1019 ἄνδρες
680 971 882 1013 Ἀθηναῖηι
918 970 1171 1019 duodeuicies,
1204 970 1257 1018 ἐξ.
1284 973 1317 1018 2,
1344 973 1379 1019 5,
1408 973 1441 1019 6,
1468 973 1502 1018 7,
1533 973 1589 1019 10,

266 1029 309 1064 12
345 1027 412 1075 bis,
447 1029 503 1075 14,
541 1030 596 1076 15,
634 1031 691 1076 16,
727 1031 770 1066 17
808 1030 875 1076 bis,
913 1032 957 1067 19
989 1030 1056 1076 bis,
1084 1032 1142 1077 21,
1173 1032 1232 1077 34,
1265 1024 1325 1077 48,
1361 1032 1421 1079 49,
1453 1043 1539 1068 eum
1567 1030 1592 1067 ὦ

262 1086 393 1137 ἄνδρες
422 1089 609 1124 δικασταί
645 1089 808 1126 formula
842 1090 974 1127 nouies
1008 1090 1171 1138 legatur,
1205 1089 1259 1137 ἓξ.
1290 1092 1321 1138 1,
1354 1091 1414 1137 22,
1442 1092 1500 1138 25,
1527 1091 1587 1137 29,

261 1150 321 1193 36,
358 1149 418 1195 37,
454 1149 513 1194 40,
545 1150 605 1195 43,
638 1151 696 1186 50.
749 1149 996 1199 Respondent
1031 1150 1148 1198 igitur
1183 1150 1355 1198 singulae
1392 1148 1419 1185 ὦ
1454 1149 1586 1199 ἄνδρες

262 1208 450 1244 δικασταί
482 1208 728 1246 allocutiones
756 1209 854 1246 binis
881 1208 907 1245 ὦ
936 1208 1068 1260 ἄνδρες
1095 1210 1299 1252 Ἀθηναῖοι
1332 1209 1513 1247 formulis.
1539 1234 1588 1239 —-

260 1267 419 1305 Accedit
445 1269 510 1306 illa
538 1282 687 1319 quoque
715 1269 925 1316 diuersitas,
952 1269 1052 1318 quod
1079 1270 1116 1307 in
1141 1270 1213 1307 hae
1230 1270 1400 1308 oratione
1424 1270 1463 1307 in
1480 1270 1588 1307 binas

261 1329 521 1380 paragraphos
548 1330 719 1376 singulae
744 1329 910 1368 iudicum
935 1330 1179 1368 allocutiones
1206 1330 1358 1379 cadunt,
1385 1331 1423 1368 in
1450 1330 1587 1369 Demo-

260 1388 438 1426 sthenicis
460 1402 550 1426 uero
572 1389 806 1427 orationibus
825 1390 863 1426 in
886 1394 1013 1427 ternas
1034 1390 1304 1440 paragraphos.
1336 1391 1470 1427 Insunt
1488 1391 1587 1427 enim

260 1451 411 1484 centum
438 1448 683 1498 septuaginta
710 1453 887 1497 quattuor
914 1449 1001 1486 illae
1029 1449 1275 1487 allocutiones
1306 1449 1344 1486 in
1372 1449 1588 1499 quingentis

259 1508 423 1546 sedecim
450 1508 714 1558 paragraphis.

361 1568 589 1616 Saepissime
604 1569 766 1617 denique
789 1570 1149 1606 obtestationes
1171 1570 1250 1607 siue
1275 1570 1587 1607 inuocationes

259 1627 415 1665 deorum
443 1628 492 1666 ad
510 1628 677 1666 iudicum
696 1629 840 1667 animos
858 1628 1068 1667 incitandos
1096 1642 1119 1666 a
1136 1629 1394 1667 Demosthene
1416 1629 1588 1668 adhiberi

260 1688 321 1725 uel
341 1688 385 1725 iis
404 1692 578 1737 apertum
598 1701 680 1726 osse
699 1693 803 1739 puto,
823 1689 887 1739 qui
908 1689 1132 1739 primoribus
1151 1693 1192 1726 ut
1211 1689 1347 1726 dicitur
1363 1689 1480 1727 labris
1507 1690 1587 1727 eius

259 1748 448 1786 orationes
474 1750 712 1799 gustauerint
728 1748 775 1798 ¹);
802 1750 840 1787 in
875 1749 1011 1800 quibus
1037 1749 1237 1787 inuocandi
1269 1754 1307 1787 et
1339 1749 1488 1788 iurandi
1515 1750 1587 1788 for-

259 1809 371 1847 mulis
398 1809 727 1860 frequentissimae
760 1815 847 1848 sunt
882 1810 972 1847 hae:
1005 1810 1046 1852 νὴ
1075 1809 1162 1854 Δία,
1190 1810 1231 1852 νὴ
1263 1811 1353 1854 τοὺς
1381 1813 1505 1855 θεοὺς,
1532 1811 1586 1858 μὰ

260 1871 349 1913 Δία,
382 1870 438 1918 μὰ
470 1872 561 1914 τοὺς
594 1871 721 1914 θεούς,
754 1872 846 1920 πρὸς
880 1870 980 1913 Διός,
1013 1870 1104 1919 πρὸς
1137 1872 1245 1913 Sem,
1279 1871 1371 1920 πρὸς
1405 1871 1491 1913 Διὸς
1523 1874 1587 1906 καὶ

259 1931 365 1970 θεῶν,
393 1930 419 1967 ὦ
442 1933 529 1974 Ζεῦ,
556 1931 582 1967 ὦ
605 1933 679 1966 Ζεῦ
706 1931 771 1966 καὶ
799 1931 895 1973 2205,
924 1930 1004 1967 sim.
1048 1930 1101 1967 At
1126 1930 1163 1967 in
1186 1931 1355 1968 oratione
1378 1930 1586 1968 XXXIIII.

259 2003 374 2027 unam
401 1994 549 2028 tantum
582 1991 749 2041 reperies
775 1990 1054 2028 inuocationem
1087 2003 1247 2040 eamque
1280 2004 1303 2027 a
1330 1990 1587 2028 Demosthene

259 2063 413 2099 perraro
447 2051 669 2098 adhibitam,
704 2064 803 2101 quae
839 2054 896 2088 est
931 2050 961 2097 ξ.
996 2052 1043 2087 29
1078 2051 1104 2087 ὦ
1131 2056 1174 2098 γῆ
1202 2051 1266 2086 καὶ
1293 2052 1391 2087 ἓεοίε
1423 2042 1521 2100 quae
1548 2050 1586 2086 in

259 2111 433 2158 genuinis
467 2111 699 2148 orationibus
738 2124 812 2148 non
848 2111 1007 2148 occurrit
1046 2110 1115 2147 nisi
1151 2110 1366 2160 praemissis
1402 2110 1487 2147 aliis
1521 2110 1585 2147 ob-

259 2170 423 2207 testandi
450 2171 631 2208 formulis.
683 2171 792 2215 Quod
825 2184 898 2220 quo
932 2170 1081 2207 facilius
1113 2170 1332 2220 perspiciaS,
1367 2183 1496 2207 omnes
1522 2169 1585 2207 ob-

258 2231 480 2269 testationes
514 2244 644 2269 earum
683 2231 895 2269 orationum
930 2230 1100 2278 afferam,
1141 2243 1239 2281 quae
1274 2230 1301 2267 (ὁ
1330 2238 1372 2276 γῆ
1403 2231 1467 2267 καὶ
1500 2229 1586 2266 θεοί

258 2292 378 2329 uerba
404 2292 598 2342 praebent.
649 2292 830 2340 Legimus
857 2296 1002 2329 autem:

359 2366 410 2390 or.
436 2353 590 2391 XVIII:
627 2353 653 2390 ὦ
677 2362 721 2400 γὴ
743 2353 808 2389 καὶ
844 2353 927 2389 θεοί
958 2353 1040 2400 139,
1072 2353 1154 2399 158,
1187 2353 1277 2399 294;
1311 2351 1352 2395 νὴ
1389 2351 1465 2388 Δία
1503 2351 1585 2397 101,

361 2446 384 2485 ¹)
407 2448 446 2478 cf.
469 2448 647 2478 Rehdantz.
667 2448 730 2477 ind.
746 2448 788 2477 Il.
811 2457 834 2477 s.
857 2458 886 2478 u.
911 2445 1218 2484 „Schwurformeln“
1243 2449 1274 2476 et
1295 2447 1333 2477 R.
1348 2445 1537 2475 Kiihnleinii
1556 2445 1585 2475 d.

258 2508 287 2537 q.
303 2498 323 2528 i.
347 2498 404 2536 „de
426 2498 459 2528 ui
475 2500 506 2528 et
528 2508 587 2528 usu
609 2497 763 2537 precandi
779 2500 810 2528 et
832 2497 957 2528 iurandi
974 2497 1185 2527 formularum
1203 2496 1291 2535 apud
1308 2496 1419 2527 decem
1442 2497 1586 2526 oratores

257 2548 402 2579 Atticos“
426 2549 551 2586 (Pi-ogr.
574 2548 733 2578 Neustadt
756 2558 784 2579 a.
807 2548 835 2580 d.
859 2548 899 2579 H.
922 2545 1014 2584 1882)
1036 2556 1110 2586 pag.
1132 2546 1171 2577 59
1193 2549 1224 2577 et
1245 2545 1293 2578 72.
