1782 2980
809 224 1060 262 „24—

270 333 419 373 XVIII.
445 336 519 372 215
555 336 603 379 εἰς
637 339 708 379 τὰς
739 336 860 380 οἰκίας
895 338 958 372 καὶ
991 337 1037 372 τὸ
1072 335 1190 379 ἄστυ,
1226 347 1311 373 eam
1345 335 1448 374 haud
1482 335 1596 374 dubie

269 395 317 433 ob
352 407 506 433 oausam
541 394 697 433 exhibet
723 394 937 445 articulum,
972 395 1070 445 quod
1104 395 1203 433 inter
1236 392 1340 432 ἄστυ
1367 395 1595 434 uocabulum

270 462 308 494 ot
347 458 394 501 εἰς
436 455 756 507 praepositionem
794 457 976 494 nonnulla
1015 456 1134 495 uerba
1174 460 1262 493 sunt
1303 456 1512 495 interiecta.
1545 479 1594 483 —

269 517 358 555 Sine
385 516 664 567 praepositione
692 518 797 552 οἴστυ
819 516 1099 555 substantiuum
1126 516 1184 554 his
1210 516 1374 567 positum
1401 520 1459 555 est
1484 517 1593 555 loeis:

267 577 416 616 XVIII.
440 578 514 615 300
541 578 629 626 οὐχὶ
655 578 726 613 τὸν
753 578 893 614 κύκλον
920 584 994 613 τοῦ
1022 580 1201 628 Πειραιῶς
1230 578 1318 613 οὐδὲ
1345 582 1419 614 τοῦ
1447 576 1593 622 ἄστεως

269 642 307 675 et
332 637 455 675 LVII.
477 638 522 674 10
540 641 614 672 τοῦ
637 636 708 688 γὰρ
731 637 853 684 δήμου
878 638 966 684 ἡμῖν
987 638 1100 674 πέντε
1125 637 1190 673 καὶ
1208 636 1421 686 τριάκοντα
1445 637 1594 673 στάδια

267 704 341 734 τοῦ
370 696 516 742 ἄστεως
545 697 773 747 ἀπέχοντος.
1044 691 1046 693 ’

367 757 467 796 Illud
494 758 608 795 etiam
644 770 667 794 a
693 756 988 795 Demosthenica
1015 757 1155 795 recedit
1181 757 1461 806 consuetudine,
1493 757 1593 806 quod

268 822 303 854 οι
328 821 365 856 ἐν
391 816 471 866 [τῷ]
497 815 609 853 ἄστει
633 817 760 854 uerbis
785 817 975 855 adiectum
1001 822 1058 855 est
1076 810 1315 869 participium
1342 819 1591 862 οἰκοῦντες;

267 880 386 918 utitur
418 879 516 918 enim
549 892 717 917 summus
750 882 876 917 orator
907 881 943 915 οἱ
975 880 1012 916 ἐν
1040 876 1155 916 ἄστει
1187 877 1386 930 (Πειραιεῖ)
1418 882 1456 917 et
1488 880 1524 914 οἱ
1556 878 1592 922 ἐξ

267 939 413 983 ἄστεως
445 940 498 986 (ἐκ
527 938 721 988 Πειραιῶς)
748 939 875 976 uerbis
903 939 1099 989 participio
1125 938 1253 976 addito
1281 939 1397 985 nullo,
1433 938 1477 976 ef.
1504 937 1592 983 XX.

269 1001 310 1037 11
350 995 413 1037 ἐᾸπὶ
446 1000 537 1043 τοὺς
573 999 611 1036 ἐν
636 1000 817 1048 Πειραιεῖ,
854 1000 901 1036 12
934 1000 1024 1043 τοὺς
1060 1000 1095 1043 ἐξ
1132 996 1292 1044 ἄστεως,
1330 999 1400 1036 149
1436 1005 1518 1043 τοῖς
1554 1000 1591 1035 ἐν

266 1063 435 1109 Πειραιεῖ
462 1066 535 1095 τοῦ
563 1060 698 1106 δήμου,
726 1059 894 1096 XXIIII.
924 1061 995 1096 134
1022 1065 1096 1095 τῶν
1125 1060 1163 1095 ἐκ
1190 1062 1384 1109 Πειραιῶς,
1412 1060 1459 1096 al.
1549 1100 1554 1107 Ι
1593 1066 1596 1069 ’

367 1119 479 1158 Ibid.:
518 1126 832 1155 καταπατεῖν
872 1119 1032 1157 uerbum
1067 1132 1140 1157 non
1176 1121 1302 1157 exstat
1335 1118 1406 1156 nisi
1440 1118 1478 1156 in
1516 1131 1591 1156 una

265 1181 436 1219 oratione
461 1179 730 1218 Demosthenis
757 1180 897 1217 nomini
925 1180 1021 1217 falso
1050 1179 1211 1227 addicta,
1238 1178 1353 1227 [VIL]
1382 1182 1441 1218 45.

366 1245 397 1293 ἓ.
423 1247 488 1283 39;
524 1247 543 1281 ὁ
571 1252 710 1289 σῖτος
739 1245 1029 1290 ἐπετιμήὲηε
1064 1244 1109 1281 cf.
1137 1257 1188 1282 or.
1222 1242 1293 1291 [L]
1323 1246 1345 1281 6
1373 1246 1525 1293 ὁρῶντες
1553 1246 1591 1282 ἐν

263 1311 317 1355 τῷ
334 1309 502 1355 Πειραιεῖ
527 1306 598 1343 τὸν
621 1313 735 1342 σῖτον
759 1305 1055 1353 ἐπιτιμώμενον.
1101 1306 1309 1352 Ἐπιτιμᾶν
1331 1304 1439 1342 uerbi
1467 1317 1590 1355 neque

263 1366 423 1403 formam
459 1365 652 1415 passiuam
687 1377 811 1414 neque
846 1377 930 1401 eam
966 1375 1064 1415 quae
1099 1364 1157 1400 his
1192 1364 1281 1401 loeis
1316 1368 1441 1401 exstat
1477 1364 1589 1413 signi-

263 1426 486 1474 ficationem,
522 1438 620 1476 quae
655 1429 712 1462 est
750 1424 935 1475 „pretium
971 1424 1129 1462 alicuius
1163 1424 1217 1461 rei
1252 1424 1398 1473 efferre,
1432 1424 1588 1462 nimium

263 1487 426 1537 pretium
445 1490 611 1524 statuere
630 1486 743 1524 alicui
767 1485 857 1533 rei“,
880 1497 1041 1534 usquam
1064 1485 1154 1523 alibi
1174 1485 1275 1536 apud
1294 1485 1588 1523 Demosthenem

263 1547 439 1597 reperies,
516 1547 745 1597 Saepissime
790 1546 915 1583 aetina
960 1546 1120 1583 occurrit
1163 1546 1283 1583 forma
1326 1546 1588 1595 significatque

266 1608 576 1659 „reprehendere,
604 1608 806 1656 obiurgare
833 1606 1009 1654 (simil.)“,
1042 1606 1086 1643 cf.
1113 1607 1141 1643 I.
1169 1608 1226 1655 16,
1253 1606 1301 1644 V.
1326 1608 1359 1653 2,
1387 1605 1502 1654 [VIL]
1530 1607 1589 1655 22,

262 1669 390 1705 VIIII.
417 1670 475 1713 39,
513 1666 630 1714 [XII]
659 1669 693 1713 2,
723 1669 755 1711 7,
791 1666 927 1714 [XIII]
959 1669 988 1711 1,
1016 1668 1074 1713 30,
1109 1666 1255 1703 XVIII.
1283 1668 1341 1713 64,
1375 1666 1465 1713 (74),
1501 1666 1589 1712 (78),

264 1730 345 1776 162,
375 1730 456 1775 188,
483 1729 568 1774 206,
596 1728 681 1774 294,
708 1726 876 1764 XVIIII.
907 1728 988 1773 132,
1024 1726 1110 1763 XX.
1142 1728 1221 1773 110,
1252 1727 1332 1773 148,
1367 1725 1475 1763 XXI.
1505 1725 1587 1774 134,

262 1787 437 1836 [XXVI]
470 1790 526 1834 19,
555 1786 748 1834 [XXXV]
778 1789 836 1832 40,
872 1779 963 1834 [LI]
996 1789 1052 1833 10,
1080 1787 1204 1823 LIIII.
1232 1788 1265 1833 6,
1293 1788 1351 1833 26,
1379 1786 1500 1823 LVII.
1527 1788 1587 1833 33,

262 1847 392 1897 [LXI]
422 1850 456 1895 8,
493 1845 685 1896 [prooem]
723 1861 752 1890 ς,
786 1848 853 1889 ΙΑ,
880 1847 944 1889 ΙΔ,
973 1848 1057 1889 ΚΑ,
1095 1848 1174 1887 ΚΓ,
1202 1848 1268 1890 Κς,
1299 1847 1383 1889 ΚΗ,
1410 1847 1482 1882 ΚΘ
1518 1845 1587 1893 bis,

262 1913 341 1949 ΛΑ,
367 1911 432 1945 AF,
460 1909 528 1955 bis,
554 1910 634 1951 NF,
663 1906 798 1957 [epist]
827 1907 855 1943 I.
883 1909 917 1954 8,
945 1907 992 1943 II.
1024 1909 1078 1952 11,
1110 1908 1164 1954 19,
1191 1906 1260 1943 III.
1291 1909 1320 1952 1,
1349 1908 1381 1954 7,
1412 1908 1467 1943 19.

360 1969 470 2006 Ibid.:
504 1968 784 2004 substantiuum
811 1982 890 2002 σιτ
902 1968 1015 2003 ωνιά
1043 1967 1146 2003 nullo
1175 1967 1248 2003 alio
1277 1967 1356 2003 loeo
1384 1968 1422 2003 in
1450 1966 1586 2003 Demo-

259 2029 402 2066 sthenis
429 2028 605 2078 operibus
632 2028 718 2076 legi.

360 2088 390 2133 ξ.
418 2090 483 2125 40:
520 2088 832 2134 ἀποβάλλειν
866 2087 1023 2123 uerbum
1062 2100 1082 2123 a
1111 2086 1365 2124 Demosthene
1393 2087 1474 2136 ipso
1501 2099 1585 2124 nus-

258 2162 372 2198 quam
413 2153 469 2186 ost
508 2148 731 2185 adhibitum.
797 2147 921 2184 Semel
962 2151 1088 2184 exstat
1129 2147 1165 2184 in
1207 2147 1366 2197 epistola
1406 2146 1585 2198 Philippi,

258 2222 356 2259 quae
383 2209 480 2246 inter
513 2208 702 2245 orationes
731 2207 1042 2244 Demosthenicas
1070 2207 1332 2244 duodecimum
1366 2207 1489 2244 locum
1521 2207 1584 2244 ob-

256 2270 362 2317 tinet,
391 2267 506 2316 [XIL]
539 2269 594 2305 17.

357 2329 388 2376 ξ.
428 2331 490 2366 41:
536 2328 766 2366 adieetiuum
807 2327 1069 2377 ἀβέλτερος
1111 2328 1167 2365 bis
1209 2327 1407 2378 usurpauit
1446 2327 1583 2365 Demo-

255 2389 421 2438 sthenes,
440 2402 491 2426 or.
510 2388 639 2426 VIIII.
661 2389 706 2424 14
734 2388 797 2422 καὶ
824 2386 894 2437 γὰρ
923 2385 972 2423 οἷν
999 2387 1310 2438 ἀβελτερώτατος
1338 2387 1390 2429 εἴη
1420 2387 1583 2424 πάντων

257 2451 470 2500 ἀνθρώπων
506 2453 543 2487 e't
579 2447 746 2486 XVIIII.
782 2449 855 2485 338
891 2447 1005 2495 μηδὲν
1040 2450 1142 2495 ὑμεῖς
1178 2447 1382 2493 ἀβέλτερον
1417 2446 1581 2491 πάθητε.

259 2511 462 2547 Praeterea
503 2522 698 2558 compares
743 2508 888 2558 spurios
928 2507 996 2543 hos
1033 2508 1144 2553 locos,
1190 2520 1239 2543 or.
1285 2506 1415 2554 [LXL]
1461 2509 1504 2543 14
1545 2511 1582 2544 ot

256 2569 448 2621 [prooem]
478 2572 567 2606 ΜΒ.
