1782 2980
813 232 862 237 .-
918 211 1064 247 13-

270 321 404 369 βαδίζῃ
441 321 506 356 καὶ
540 319 612 357 τὸν
645 323 821 371 Πειραιᾶ,
857 319 1004 357 XVIII.
1030 321 1104 357 300
1140 320 1228 369 οὐχὶ
1261 321 1333 357 τὸν
1365 321 1503 358 κύκλον
1529 328 1601 356 τοῦ

273 383 455 430 Πειραιῶς
482 380 569 416 οὐδὲ
598 388 670 415 τοῦ
703 378 862 424 ἄστεως,
890 381 961 417 301
993 379 1084 430 ἄχρι
1117 386 1191 415 τοῦ
1217 382 1402 429 Πειραιῶς
1431 380 1601 417 XVIIII.

274 441 343 475 125
370 439 441 475 τὸν
460 442 626 490 Πειραιᾶ
653 440 844 490 τειχίζειν,
871 439 1020 477 ΧΧΙΙΙ.
1046 441 1131 477 207.

372 498 490 537 Vides
524 499 641 548 igitur
675 500 712 537 in
748 500 980 538 orationibus
1015 500 1189 548 genuinis
1230 500 1427 550 Πειραιεύς
1462 500 1603 538 nomini

271 561 551 610 praepositione
584 561 765 597 instructo
803 561 1004 597 articulum
1040 573 1114 597 non
1150 573 1232 597 esse
1259 560 1468 597 adiectum:
1505 573 1603 610 quae

272 621 334 658 lex
361 633 435 658 non
463 621 675 658 infirmatur
701 619 765 668 eis,
792 632 890 669 quae
914 620 1023 658 VIII.
1052 622 1098 658 74
1127 624 1165 658 et
1182 620 1311 658 VIIII.
1341 622 1387 658 10
1414 621 1604 670 leguntur.

271 681 371 717 Nam
396 681 516 717 altero
544 681 625 718 loco
654 693 726 717 non
751 680 798 718 de
817 680 1085 718 Demosthenis
1112 681 1241 730 ipsius,
1261 680 1327 718 sed
1349 680 1395 718 de
1415 680 1604 718 Timothei

272 740 467 777 cuiusdam
495 740 623 789 agitur
650 740 777 777 uerbis
805 753 827 777 a
855 741 1113 779 Demosthene
1148 740 1325 788 laudatis,
1361 741 1482 778 altero
1516 741 1604 778 arti-

272 801 378 838 culus
418 800 555 838 idcireo
595 805 652 838 est
686 801 842 851 positus,
878 801 967 849 quia
1001 814 1138 839 nomen
1172 800 1266 839 illud
1300 801 1413 850 longe
1440 801 1554 838 distat
1582 814 1604 837 a

272 860 549 911 praepositione
577 861 651 898 ἐπί.
695 861 832 898 Obstat
857 866 1006 898 tantum
1035 859 1178 913 ,,ἀ’χρι
1204 865 1278 897 τοῦ
1305 863 1527 911 Πειραιῶς“.

373 921 486 959 Ibid.:
514 921 793 959 substantiuum
816 924 1030 973 φορτίον,
1055 922 1154 971 quod
1179 926 1235 960 est
1259 920 1313 969 ἓξ.
1333 923 1366 968 6,
1386 922 1420 970 7,
1441 923 1474 970 8,
1492 923 1526 969 9,
1544 922 1604 970 22,

272 985 320 1019 40
348 982 384 1019 h.
412 995 474 1027 or.,
500 995 575 1019 non
602 983 754 1032 repperi
786 983 858 1020 nisi
892 983 930 1020 in
958 996 1035 1020 una
1063 983 1191 1034 spuria
1224 982 1393 1020 oratione
1421 981 1518 1030 [ΧΙ.]
1550 984 1606 1019 14.

374 1042 404 1089 ξ.
433 1044 473 1080 7:
520 1043 606 1080 δέον
633 1044 667 1078 δ’
696 1043 819 1080 αὐτὸν
858 1045 1213 1094 καταγοράσαι
1376 1044 1420 1079 οὔ
1462 1057 1606 1085 κατη-

273 1103 502 1154 γόρασενε
537 1102 699 1140 uerbum
734 1104 1015 1154 καταγοράζειν
1050 1116 1124 1141 non
1159 1103 1298 1153 legitur
1333 1102 1434 1151 apud
1468 1102 1606 1140 Demo-

273 1163 457 1202 sthenem.
490 1163 662 1214 Simplex
682 1163 842 1202 uerbum
870 1163 1135 1213 ἀγοράζειν
1162 1167 1306 1202 exstat:
1334 1163 1502 1201 XVIIII.
1520 1164 1605 1212 229,

275 1224 381 1261 XXI.
404 1226 487 1272 149,
516 1224 711 1274 [XXXII]
740 1226 797 1273 14,
827 1223 1020 1272 [XXXV]
1053 1226 1110 1272 19,
1139 1223 1209 1272 [L.]
1238 1226 1298 1272 25,
1326 1226 1385 1272 55,
1414 1223 1605 1272 [LVIIII.]

274 1287 333 1322 46.
385 1286 769 1334 Ἀνταγοράζειν
797 1285 854 1322 bis
881 1289 937 1322 est
965 1289 1208 1334 usurpatum:
1237 1283 1431 1333 [XXXV]
1459 1286 1519 1333 24,
1547 1286 1606 1322 25.

375 1345 489 1382 Ibid.:
510 1346 752 1389 δανειστής
777 1346 1068 1393 substantiuum,
1090 1345 1190 1395 quod
1208 1349 1266 1382 est
1284 1344 1338 1392 ἓξ.
1355 1347 1386 1391 7,
1401 1347 1436 1393 8,
1453 1346 1512 1392 50,
1530 1358 1604 1381 non

273 1405 434 1442 occurrit
461 1405 531 1442 nisi
559 1405 596 1442 in
624 1405 856 1442 orationibus
884 1405 1040 1455 spuriis:
1069 1403 1262 1452 [XXXII]
1286 1406 1343 1453 12,
1367 1403 1601 1452 [XXXXIL]

274 1469 321 1503 ‘28
350 1466 419 1513 bis,
448 1464 578 1513 [LVI]
608 1467 642 1513 6,
671 1467 731 1514 22,
760 1467 820 1513 26,
848 1467 909 1512 28,
937 1467 997 1514 30,
1026 1467 1085 1502 31.

334 1516 339 1519 .
378 1525 491 1563 IbId.:
520 1527 607 1562 σὺν
638 1531 700 1575 τῷ
724 1527 1038 1575 ἐπισιτισμῷ;
1065 1538 1141 1563 uox
1160 1538 1258 1576 quae
1279 1530 1335 1563 est
1359 1524 1605 1573 ἐπισιτισμός

275 1599 428 1637 perraro
454 1586 664 1624 inuenitur:
694 1599 817 1636 neque
844 1587 944 1625 enim
967 1591 1095 1625 exstat
1113 1586 1184 1624 nisi
1200 1586 1347 1624 XXIII.
1370 1588 1450 1625 155.
1488 1585 1606 1624 Porro

276 1649 348 1684 σύν
383 1647 612 1697 praepositio
641 1661 663 1684 a
690 1648 947 1685 Demosthene
981 1648 1131 1696 longius
1166 1651 1293 1684 aetate
1326 1651 1505 1696 prouecto
1531 1659 1607 1683 non

277 1708 362 1759 plus
397 1719 512 1757 quam
547 1708 663 1745 semel
700 1712 756 1745 est
791 1707 975 1757 adhibita,
1008 1707 1175 1746 XVIIII.
1207 1709 1276 1746 155
1312 1706 1384 1751 τὰς
1416 1707 1457 1743 δὲ
1484 1704 1606 1751 ἄλλας

276 1769 412 1811 πάσας
447 1769 638 1815 καθήμεθ’
671 1770 709 1804 ἐν
736 1769 878 1817 Πέλλῃ,
915 1769 1006 1818 πρὶν
1034 1769 1235 1805 Φίλιππον
1270 1770 1408 1812 ἐλθεῖν,
1440 1769 1513 1804 σὺν
1548 1767 1607 1811 αἶς

276 1828 537 1879 ἐπορεύθημεν
564 1832 658 1877 ὁμοῦ
690 1829 919 1872 πεντήκονθ’
954 1825 1058 1871 ὅλας.
1113 1827 1275 1879 Saepius
1310 1829 1349 1866 in
1381 1827 1608 1870 tutelarIbus

278 1888 510 1927 orationibus
547 1888 595 1925 ab
630 1888 870 1926 adolescente
904 1888 1163 1926 Demosthene
1198 1889 1415 1939 conscriptis
1450 1888 1607 1937 legitur:

277 1948 443 1985 XXVII.
472 1950 533 1995 23,
554 1950 614 1995 31,
642 1950 702 1995 35,
730 1950 790 1995 38,
818 1950 876 1994 50,
895 1949 953 1994 61,
980 1948 1164 1985 XXVIII.
1188 1951 1243 1996 13,
1268 1948 1416 1996 XXXI,
1439 1950 1480 1984 11
1504 1969 1551 1973 --
1571 1952 1607 1984 et

277 2009 336 2046 his
363 2008 454 2045 locis
481 2008 635 2059 spuriis:
663 2006 900 2056 [XXVIIII]
924 2010 954 2054 l,
972 2009 1044 2045 σὺν
1063 2011 1165 2053 θεοῖς
1193 2010 1325 2054 εἰπεῖν,
1346 2005 1539 2056 [XXXV]
1563 2009 1607 2045 18

277 2071 349 2106 σὺν
376 2077 459 2112 τοῖς
487 2069 756 2116 ἀναλώμασιν,
777 2067 1034 2116 [ΧΧΧΧΙΠ]
1052 2068 1131 2116 (51)
1152 2070 1223 2105 σὺν
1241 2068 1448 2117 ταύτῃσιν,
1469 2067 1605 2118 [epist]

278 2130 304 2166 I.
333 2130 354 2165 3
383 2130 428 2172 ὡς
456 2129 529 2164 σὺν
550 2129 653 2173 θεοῖς
681 2129 872 2179 εἰρῆσθαι,
897 2129 942 2165 12
962 2128 1035 2165 σὺν
1063 2130 1189 2176 πολλῇ
1216 2129 1369 2177 σπουδῇ
1397 2129 1462 2164 καὶ
1488 2127 1606 2178 πόνῳ.

277 2191 408 2234 ,,Σι’·ιν“
437 2188 607 2226 aduerbii
635 2189 716 2226 loco
744 2194 801 2226 est
828 2189 992 2239 positum
1011 2189 1118 2226 VIII.
1146 2191 1193 2226 65
1222 2189 1269 2236 μὴ
1297 2191 1369 2226 σὺν
1399 2188 1437 2225 εὖ
1468 2203 1607 2224 πεπον-

277 2249 407 2286 θότων
434 2256 511 2285 τῶν
538 2250 692 2285 πολλῶν
715 2249 929 2286 Ὀλυνθίων
950 2270 997 2274 -—
1017 2250 1064 2297 μὴ
1092 2250 1164 2286 σὺν
1191 2248 1230 2284 εὖ
1259 2247 1507 2291 πεπονθότος
1534 2251 1608 2284 τοῦ

277 2311 450 2354 πλήθους
478 2317 551 2345 τοῦ
576 2309 798 2354 Θετταλῶν,
828 2308 904 2357 [Χ]
933 2312 978 2348 67
1009 2310 1056 2347 id.
1072 2308 1108 2356 1).

381 2448 403 2486 ¹)
426 2449 473 2480 De
496 2445 560 2477 61²1*
582 2450 818 2489 praepositione
840 2451 896 2481 cfr.
919 2450 1082 2487 Karlowa,
1101 2449 1366 2489 „Bemerkungen
1382 2459 1453 2479 zum
1471 2448 1609 2488 Sprach-

201 2512 207 2516 ’
278 2499 441 2536 gebrauch
477 2500 532 2529 des
568 2500 800 2529 Demosthenes
841 2501 898 2529 mit
934 2500 1246 2538 Beriieksichtigung
1287 2499 1422 2528 andei-er
1457 2498 1610 2528 attisoher

281 2549 421 2579 l<‹·‹ln‹==·“
447 2549 570 2587 (l'rogr.
597 2549 682 2579 l'lvss
708 2547 796 2586 1883)
821 2560 893 2589 pag.
915 2550 942 2580 8,
