1782 2980
856 198 1005 236 ῌ32
1057 219 1105 223 --

315 316 412 347 σθαι
427 311 654 355 κελεύουσιν,
674 311 719 346 οὐ
735 317 971 361 κατηγορεῖν.
999 309 1053 348 At
1070 322 1161 348 uero
1175 309 1443 349 Demosthenis
1457 312 1646 351 orationes

314 370 510 409 abundant
537 369 739 418 asyndetis,
766 369 812 407 ef.
839 369 887 407 II.
918 371 976 419 13,
1004 372 1064 418 25,
1091 372 1150 419 28,
1176 372 1236 420 30,
1265 372 1324 417 31,
1350 371 1421 409 III.
1450 373 1484 421 7,
1507 374 1564 421 16,
1587 374 1644 422 18,

313 431 403 468 IIII.
429 432 490 478 33,
518 432 576 477 35,
603 431 664 478 36,
691 431 751 476 40,
776 430 844 467 VI.
874 431 930 477 19,
957 430 1065 468 VIII.
1092 432 1151 477 29,
1178 432 1239 479 36,
1268 432 1328 480 56,
1347 433 1407 479 57,
1426 433 1486 481 66,
1506 434 1566 481 69,
1587 435 1645 481 76,

314 491 443 529 VIIII.
472 492 529 539 18,
557 492 618 539 27,
647 491 708 539 39,
736 491 797 539 40,
825 492 886 539 49,
914 492 973 537 58,
1002 492 1061 540 70,
1090 493 1149 540 71,
1178 492 1237 540 73,
1264 491 1395 529 XIIII.
1414 493 1474 541 32,
1498 492 1645 532 XVHI.

315 520 859 600 67,8Ο,94,96,100,117,
891 521 1530 601 124,125,127,159,189,195,
1561 555 1644 602 198,

315 614 401 660 215,
428 613 514 660 235,
542 612 628 659 237,
656 612 741 659 246,
770 612 856 659 248,
883 612 969 659 249,
997 612 1083 660 257,
1115 613 1201 661 265,
1229 613 1314 661 295,
1350 614 1437 661 309,
1476 612 1645 651 XVIIII.

314 674 375 722 23,
404 673 464 721 62,
492 642 552 719 65,
583 641 642 719 76,
670 672 730 719 93,
761 672 844 720 103,
874 672 957 720 109,
989 673 1072 721 118,
1108 673 1646 722 139,]45,146,178,19Ο,

314 735 399 780 201,
430 734 515 781 208,
551 733 637 781 215,
672 733 756 780 220,
791 733 875 779 228,
901 733 987 781 265,
1020 734 1106 780 272,
1142 734 1225 780 343,
1258 733 1346 771 ΧΧ.
1381 735 1438 782 10,
1472 735 1532 781 60,
1562 736 1644 784 100,

392 824 400 842 2
505 824 514 842 7
619 823 628 841 ν
733 823 742 841 7
847 823 856 841 7
1635 826 1644 844 ι)

318 856 400 903 177,
432 855 513 901 182,
539 855 625 902 200,
653 854 738 902 201,
766 853 893 891 XXII.
920 855 954 901 5,
983 855 1043 903 27,
1071 856 1130 902 68,
1159 856 1218 904 70,
1247 856 1307 904 76,
1333 854 1482 892 XXIII.
1501 856 1560 904 28,
1583 857 1643 905 35,

317 917 400 963 114,
441 916 524 962 136,
565 916 647 962 185,
686 915 771 962 207,
809 913 979 951 XXIIII.
1021 916 1078 962 13,
1117 917 1177 964 38,
1215 917 1275 964 90,
1318 917 1400 964 101,
1439 917 1522 964 102,
1560 918 1644 965 119,

317 977 400 1023 178,
444 976 526 1021 184,
562 973 748 1012 XXVIII.
789 975 849 1022 20,
889 975 948 1022 23,
988 973 1175 1013 XXXVI.
1214 976 1260 1012 47
1298 972 1401 1025 οἷ’γεις
1434 976 1483 1019 εἰς
1515 976 1643 1021 μέσον,

314 1037 501 1080 δεικνύεις,
521 1036 693 1084 ἐλέγχεις,
713 1035 761 1072 52
781 1035 962 1079 ἐλαύνεις,
978 1043 1250 1086 συκοφαντεῖς,
1268 1036 1429 1081 διώκεις,
1439 1035 1644 1074 XXXVII.

317 1098 362 1134 14
382 1097 558 1141 ἱκέτευεν,
578 1096 712 1139 ἐδεῖτο,
731 1094 933 1144 ἠντιβόλει,
953 1097 1002 1134 52
1024 1102 1386 1144 συκοφαντοῦντος,
1405 1099 1473 1134 οὐκ
1492 1098 1644 1134 ἀδικου-

313 1158 440 1206 μένου,
459 1156 687 1194 XXXVIII.
703 1157 751 1193 28
769 1164 868 1207 τρεῖς
889 1157 1038 1201 οὐσίας,
1061 1157 1107 1200 ἣν
1125 1155 1277 1203 ἔλαβον,
1295 1156 1339 1201 ἣν
1358 1157 1643 1209 εἰςεπράξαντο,

312 1214 357 1260 ἢν
384 1217 609 1267 ἀφείλοντο,
637 1216 884 1254 XXXVIIII.
910 1218 933 1253 4
968 1217 1169 1267 εἰςήγαγεν,
1197 1218 1423 1261 ἐποιήσατο,
1450 1218 1643 1269 ἐγγράφει,

314 1280 336 1315 9
365 1277 505 1329 ἄρχων,
534 1279 726 1324 βασιλεὺς,
754 1277 988 1321 ἀθλοθέται,
1018 1278 1065 1313 14
1091 1277 1252 1327 γραφαὶ,
1280 1278 1432 1327 φάσεις,
1459 1278 1643 1322 ἐνδείξεις,

314 1339 533 1385 ἀπαγωγαί,
560 1338 608 1374 34
637 1336 761 1381 πόλις,
791 1336 921 1379 οὐσία,
947 1338 1086 1385 πατήρ,
1115 1335 1204 1372 ibid.
1222 1337 1480 1385 ἐπιβουλεύῃς,
1500 1337 1643 1386 δικάζῃ,

314 1399 477 1447 φθονῇς,
509 1398 750 1446 βλασφημῇς,
782 1397 831 1434 35
864 1402 939 1433 τῶν
967 1393 1153 1446 πατρῴων
1179 1395 1279 1447 ἔχεις
1306 1396 1353 1432 τὸ
1383 1397 1502 1447 μέρος·
1531 1399 1642 1447 ἱερῶν,

313 1459 430 1494 ὁσίων
458 1457 638 1505 μετέχεις·
667 1456 809 1504 ἀπάγει
838 1471 880 1491 σε
913 1456 1033 1500 οὐδεὶς
1062 1456 1142 1491 ἀπὸ
1176 1456 1342 1500 τούτων,
1369 1456 1494 1494 LIIII.
1522 1458 1555 1505 7,
1582 1457 1642 1504 27,

313 1518 374 1564 30,
401 1516 524 1554 LVII.
550 1517 609 1564 24,
635 1517 695 1564 54,
723 1517 783 1564 56,
811 1516 858 1553 al.

413 1582 773 1619 Πολυσύνδετα
808 1594 931 1631 porro,
968 1594 1066 1631 quae
1103 1581 1222 1619 multo
1256 1581 1372 1618 etiam
1407 1581 1643 1631 frequentius

313 1655 428 1692 quam
463 1641 658 1679 ἀσύνδετα
700 1653 723 1678 a
756 1640 1015 1678 Demosthene
1053 1644 1140 1677 sunt
1180 1640 1364 1688 adhibita,
1400 1640 1439 1677 in
1474 1641 1642 1678 oratione

312 1701 521 1740 XXXIIII.
547 1700 607 1739 his
624 1700 863 1751 reperiuntur
890 1701 997 1740 loeis:
1025 1699 1079 1748 ἓξ.
1105 1702 1154 1738 25
1176 1713 1287 1750 prxx.
1314 1701 1397 1745 ἐξὸν
1424 1701 1463 1738 δέ
1477 1722 1537 1747 -,
1565 1700 1644 1750 (26)

312 1764 378 1798 καὶ
399 1770 482 1806 τοῖς
502 1763 566 1810 μὲν
587 1763 669 1799 κτλ.
684 1785 743 1806 —-‚
771 1762 850 1809 (27)
868 1763 1062 1805 κάκείνους
1083 1762 1149 1809 μὲν
1170 1762 1236 1797 οὐκ
1255 1763 1337 1798 κτλ.
1354 1783 1416 1805 -,
1442 1761 1560 1809 (ibid.)
1578 1763 1643 1798 καὶ

313 1828 383 1860 νῦν
410 1823 475 1869 μὲν
507 1823 590 1858 κτλ.
604 1842 666 1865 -,
693 1820 772 1869 (28)
798 1824 863 1859 καὶ
890 1823 926 1858 οἱ
962 1821 1025 1871 μὲν
1054 1818 1168 1856 ἄλλοι
1194 1822 1274 1858 κτλ.
1305 1824 1342 1859 ek
1373 1823 1417 1859 31
1450 1823 1518 1857 οὐκ
1546 1822 1642 1869 ἐμοὶ,

313 1883 400 1918 ἀλλ’
428 1881 600 1931 ἑτέρῳ-
616 1882 680 1917 καὶ
707 1884 775 1917 οὐκ
800 1883 1021 1925 Ἀθήνησιν,
1050 1881 1133 1917 ἀλλ’
1162 1882 1200 1918 ἐν
1222 1881 1553 1932 Βοσπόρῳ-καὶ
1578 1888 1643 1925 τῆς

312 1947 535 1992 συγγραφῆς
569 1956 632 1977 σοι
666 1941 828 1987 κειμένης
855 1941 1041 1984 Ἀθήνησι
1076 1941 1139 1976 καὶ
1175 1944 1266 1992 πρὸς
1294 1941 1357 1989 ἐμὲ
1379 1963 1427 1968 —-
1446 1942 1511 1977 καὶ
1539 1940 1567 1991 ᾧ
1593 1942 1641 1978 τὸ

312 2003 472 2053 χρυσίον
499 2002 705 2045 ἀπεδίδους
734 2000 846 2045 ὄντος
873 2004 1022 2042 θνητοῦ
1050 2002 1115 2036 καὶ
1142 2002 1310 2050 πέλαγος
1336 2006 1533 2038 τοσοῦτον
1561 2001 1642 2050 μέλ-

312 2063 450 2104 λοντος
478 2061 599 2096 πλεῖν.

411 2126 734 2175 Frequentissima
760 2125 924 2175 denique
951 2125 1023 2163 hae
1051 2125 1088 2163 in
1112 2125 1279 2163 oratione
1300 2129 1386 2163 sunt
1411 2126 1640 2164 ἀντίθετα

311 2188 392 2225 siue
419 2187 741 2236 contraposita.
780 2187 890 2231 Quae
909 2199 994 2224 cum
1012 2187 1169 2236 longum
1188 2186 1235 2223 sit
1262 2186 1475 2224 exscribere
1503 2187 1640 2235 omnia,

309 2261 427 2285 unum
454 2247 667 2285 alterumue
694 2247 863 2296 proferre
891 2247 981 2284 satis
1008 2246 1142 2285 habeo.
1183 2245 1366 2284 Conferas
1392 2246 1509 2297 igitur
1535 2245 1590 2295 ἓξ.
1620 2249 1637 2284 1

309 2308 920 2357 ἐγκαλοῦντες-ἐγκαλούμενοι,
956 2308 979 2344 4
1006 2308 1295 2354 ἀπολογεῖσθαι
1330 2308 1561 2351 κελεύουσιν,
1596 2309 1639 2343 οὐ

309 2375 544 2417 κατηγορεῖν,
572 2368 594 2404 5
622 2371 662 2403 τί
689 2369 937 2415 ὁμολογεῖται
953 2368 1078 2403 -καὶ
1104 2367 1145 2403 τι’
1171 2366 1425 2415 ἀντιλέγεται,
1444 2367 1487 2404 21
1520 2381 1641 2403 κατα-

308 2434 449 2477 γνῶναι
475 2428 539 2476 μὲν
566 2429 638 2478 γὰρ
667 2430 734 2464 οὐκ
762 2429 962 2474 ἐβουλήθη,
983 2429 1207 2477 ἀπογνῶναι
1234 2428 1274 2464 δὲ
1299 2433 1366 2471 τῆς
1394 2428 1495 2471 δίκης
1523 2426 1639 2471 ὤκνει,

309 2489 357 2525 40
383 2487 449 2525 ἵνα
477 2491 568 2539 παρ’
596 2491 686 2535 ὑμῖν
714 2488 925 2536 εὐδοξῶμεν
938 2488 1082 2533 -,“ι’να
1109 2488 1379 2535 ἀποβάλωμεν,
1404 2489 1452 2525 46
1480 2495 1551 2524 τοῦ
1575 2487 1639 2536 μὲν

310 2549 378 2585 οὖν
406 2551 582 2585 δανεῖσαι
600 2570 630 2573 μ
644 2570 660 2592 -,
680 2552 754 2584 τοῦ
783 2549 817 2582 δ’
837 2547 1135 2591 ἀποδεδωκέναι,
1164 2547 1251 2584 ibid.
1271 2548 1336 2583 καὶ
1362 2548 1477 2593 οὗτος
1498 2547 1561 2596 μὲν
1577 2569 1638 2591 ·—‚
