1782 2980
845 202 1069 236 *g-

290 308 476 360 significet
510 322 618 348 suam
653 321 768 360 seque
800 310 924 362 ipsum
959 311 1194 361 creditorem,
1229 312 1275 351 cf.
1301 311 1332 361 ξ.
1368 315 1412 352 18
1446 315 1494 352 τὸ
1529 317 1618 364 ἐμὸν
1661 349 1663 352 ,

288 371 464 420 χρυσίον,
492 369 523 417 ξ.
550 371 599 407 22
627 371 689 407 ἐπὶ
714 379 797 414 τοῖς
824 373 925 419 ἐμοῖς
951 373 1152 422 χρήμασιν,
1179 372 1211 420 ξ.
1234 374 1280 411 31
1310 374 1394 422 ἐμοὶ
1418 379 1474 425 τῷ
1497 376 1619 413 δανεί-

288 443 419 473 σαντι,
459 442 545 468 cum
584 443 662 468 una
702 444 787 468 cum
827 430 1042 482 Chrysippo
1080 431 1257 470 uideatur
1295 434 1511 473 contulisse:
1551 435 1617 474 sed

287 489 402 527 ualde
437 490 529 527 mihi
569 490 726 528 dubium
760 495 829 539 est,
865 504 913 528 an
953 504 1063 529 nemo
1102 504 1270 541 unquam
1308 507 1349 531 re
1387 507 1481 532 uera
1515 495 1617 546 apud

286 549 429 588 iudices
455 550 509 588 ita
536 564 576 589 se
608 551 769 601 gesserit
795 555 861 589 aut
896 563 1065 600 unquam
1092 553 1242 591 omnino
1268 553 1316 591 sit
1347 558 1535 604 gesturus,
1561 559 1615 604 ut,

286 622 372 648 cum
400 611 434 649 ei
468 611 582 649 liceat
616 611 664 649 de
697 615 778 649 tota
804 624 845 649 re
879 616 921 649 ut
953 611 1000 650 de
1035 626 1104 650 sua
1130 614 1245 662 loqui,
1273 614 1353 652 sine
1386 615 1467 653 ulla
1499 628 1615 653 causa

285 670 396 708 modo
422 672 476 708 ita
503 671 615 719 dicat,
649 675 692 708 ut
718 672 909 722 particeps
935 671 1112 710 uideatur
1138 685 1221 710 esse
1254 674 1320 721 rei,
1347 674 1457 712 modo
1483 675 1548 723 ita,
1573 679 1615 712 ut

285 731 436 769 omnino
463 744 537 769 non
563 731 611 769 ad
638 732 775 782 ipsum,
794 731 860 769 sed
882 731 932 769 ad
949 732 1112 770 alterum
1138 745 1199 771 res
1218 732 1394 771 uideatur
1414 735 1615 786 pertinere,

283 791 399 839 idque
426 792 579 841 quidem
605 793 736 843 paucis
762 792 1083 831 intercedentibus
1114 793 1251 831 uerbis.
1302 794 1428 844 Magis
1453 795 1614 833 Nitschii

284 851 410 901 placet
436 852 543 900 ratio,
562 863 794 901 quamquam
821 865 868 890 ne
895 852 991 891 haec
1017 852 1169 902 quidem
1195 857 1308 891 uacat
1334 853 1614 903 offensionibus,

283 912 403 950 ueluti
437 912 592 951 minime
626 914 810 963 congruit,
841 913 941 963 quod
976 913 1105 961 frater,
1138 927 1223 951 cum
1257 914 1304 952 de
1337 918 1418 953 tota
1451 916 1612 966 pecunia

282 977 414 1010 mutua
441 972 532 1010 data
559 978 601 1011 ut
628 973 675 1011 de
702 986 771 1012 sua
798 986 947 1023 semper
978 974 1153 1023 loquatur
1179 997 1227 1000 —
1254 974 1299 1012 cf.
1326 973 1357 1022 ξ.
1387 976 1433 1012 18
1460 976 1612 1027 μερισά-

281 1048 391 1080 μενος
417 1034 465 1071 τὸ
501 1034 592 1082 ἐμὸν
628 1035 800 1086 χρυσίον,
827 1033 858 1082 ξ.
886 1035 934 1072 22
962 1034 1024 1072 ἐπὶ
1058 1043 1141 1080 τοῖς
1174 1035 1274 1081 ἐμοῖς
1309 1035 1501 1086 χρήμασιν
1534 1037 1612 1073 ε’πι·

280 1093 557 1142 δανεισάμενος
572 1116 634 1143 -—,
650 1095 698 1133 ab
717 1095 837 1133 altero
855 1107 940 1133 eam
958 1094 1139 1133 creditam
1157 1107 1238 1133 esse
1253 1094 1429 1142 affirmat,
1447 1094 1536 1143 cf.§.
1551 1097 1609 1133 23.

382 1154 458 1192 Sed
484 1158 527 1193 ut
555 1155 773 1193 omittamus
799 1155 846 1193 de
873 1155 999 1193 dubiis
1015 1155 1075 1192 his
1092 1155 1279 1206 uanisque
1306 1155 1485 1194 orationis
1510 1156 1609 1194 inter

280 1218 428 1254 actores
444 1215 724 1265 dispertiendae
741 1216 950 1254 rationibus
962 1216 1117 1253 uberius
1135 1215 1345 1267 disputare:
1364 1216 1396 1254 si
1413 1216 1607 1255 nobiscum

279 1288 358 1313 rem
397 1276 534 1314 acriter
567 1277 840 1326 reputabimus,
876 1276 1090 1327 apparebit,
1125 1288 1240 1325 quam
1271 1276 1421 1315 omnino
1453 1289 1527 1315 non
1559 1277 1607 1314 sit

279 1336 485 1386 probabilis
511 1337 599 1374 talis
626 1337 806 1374 orationis
828 1336 1031 1374 distractio.
1075 1336 1175 1381 Quid
1200 1336 1301 1374 enim
1328 1349 1467 1374 causae
1494 1340 1605 1388 putas

277 1409 372 1445 esse,
400 1410 467 1435 cur
485 1396 730 1447 Chrysippus,
758 1397 788 1435 si
815 1397 926 1435 modo
948 1396 1170 1447 logographi
1197 1398 1262 1446 qui
1283 1397 1420 1435 dicitur
1441 1397 1605 1435 adeundi

277 1458 473 1495 consilium
491 1458 601 1509 cepit,
628 1459 677 1496 ab
702 1471 746 1496 eo
764 1458 952 1508 petiuerit,
978 1462 1020 1495 ut
1038 1458 1313 1495 oratiunculam
1337 1471 1412 1495 non
1434 1458 1504 1495 sibi
1523 1458 1603 1506 soli,

276 1517 342 1555 sed
363 1518 473 1556 alteri
493 1530 644 1569 quoque
663 1519 818 1556 alternis
836 1518 1034 1556 dicendam
1053 1518 1278 1556 conficeret?
1316 1517 1391 1555 Sed
1410 1518 1470 1555 fac
1488 1530 1603 1556 causa

275 1579 401 1617 nescio
428 1590 504 1628 qua.
530 1579 736 1617 adductum
764 1592 850 1617 eurn
878 1592 971 1627 esse,
1002 1583 1045 1616 ut
1070 1582 1148 1617 tam
1175 1579 1407 1629 singularem
1433 1584 1603 1628 posceret

274 1652 372 1676 rem:
407 1652 497 1676 num
525 1640 822 1677 Demosthenem
849 1639 938 1677 huic
973 1639 1131 1688 obsequi
1167 1638 1355 1676 studuisse
1389 1643 1512 1688 putas,
1545 1643 1602 1676 ut-

274 1704 362 1750 pote
394 1700 470 1749 qui,
506 1713 580 1750 quo
612 1704 782 1751 tempore
815 1700 910 1738 haec
942 1712 1058 1737 causa
1090 1703 1148 1737 est
1181 1702 1277 1747 acta,
1309 1712 1494 1736 summam
1527 1700 1600 1737 elo-

274 1761 452 1810 quentiae
487 1761 639 1798 laudem
675 1765 774 1799 esset
810 1761 1060 1798 consecutus?
1118 1759 1275 1796 Minime
1314 1759 1488 1808 equidem
1530 1760 1600 1797 hoc

273 1820 364 1857 mihi
384 1820 614 1871 persuadere
633 1834 796 1871 possum,
815 1820 1038 1871 praesertim
1062 1818 1204 1857 cum'in
1224 1819 1361 1857 ceteris
1374 1819 1599 1857 Demosthe-

272 1882 368 1918 nicis·
392 1885 458 1918 aut
490 1881 527 1918 in
565 1882 738 1919 omnibus
773 1886 964 1919 oratorum
996 1880 1195 1917 atticorum
1232 1880 1463 1917 orationibus
1493 1881 1597 1918 nulla

272 1945 409 1988 exstet,
442 1953 540 1989 quae
568 1955 653 1979 cum
681 1942 752 1978 hac
779 1942 897 1992 possit
924 1940 1145 1990 comparari.
1197 1940 1257 1977 Ne
1285 1940 1369 1989 quis
1396 1940 1596 1977 mihi-ora-

271 2001 410 2038 tionem
435 2001 472 2038 in
494 2001 685 2039 Neaeram
713 2002 891 2052 scriptam
918 2000 1066 2038 obiciat.
1110 2000 1209 2037 Nam
1237 2000 1275 2036 in
1303 2000 1374 2037 hac
1401 2012 1460 2036 res
1486 2000 1596 2037 aliter

270 2074 310 2097 se
333 2060 467 2097 habet:
497 2074 569 2097 non
598 2062 759 2110 saepius,
786 2061 851 2098 sed
880 2061 996 2098 semel
1027 2064 1195 2097 actorum
1218 2060 1260 2097 fit
1286 2060 1447 2096 mutatio
1475 2072 1596 2108 eaque

270 2121 422 2169 quidem
455 2121 565 2158 certis
592 2122 773 2172 probatur
808 2121 930 2158 causis
965 2124 1080 2168 atque
1112 2120 1166 2156 ita
1200 2124 1257 2156 est
1291 2124 1522 2169 comparata,
1554 2124 1596 2157 ut

269 2194 379 2219 nemo
407 2182 567 2230 ignoret,
594 2182 695 2219 unde
722 2182 819 2219 alter
845 2182 945 2229 loqui
973 2181 1128 2231 incipiat
1145 2179 1183 2228 ¹),
1209 2191 1308 2228 quae
1335 2180 1461 2217 omnia
1481 2181 1595 2231 plane

370 2281 394 2321 ¹)
416 2282 456 2314 cf.
479 2282 570 2314 Deru.
592 2293 637 2315 ον.
661 2281 823 2321 [LV1111.1
848 2281 886 2313 14
902 2307 908 2314 .
923 2305 930 2313 .
949 2305 979 2314 ..
1000 2280 1119 2323 δέομαι.
1141 2273 1202 2311 οὖν
1225 2278 1328 2323 ὑμῶν,
1352 2274 1378 2311 ὦ
1400 2276 1430 2312 c’c‘.
1450 2279 1493 2320 δί,
1510 2278 1595 2323 ἅπερ

265 2330 412 2374 ἡγοῦμαι
442 2331 617 2374 προς-ήκειν
653 2333 810 2373 δεηθῆναι
842 2335 919 2364 νέον
950 2344 982 2364 τε
1013 2330 1093 2364 ὄντα
1125 2334 1182 2364 καὶ
1214 2332 1358 2375 ἀπείρως
1386 2333 1505 2374 ἔχοντα
1538 2336 1595 2365 τοῦ

264 2386 384 2424 λέγειν,
408 2383 595 2426 συνήγορόν
608 2396 649 2426 με
667 2386 816 2416 κελεῦσαι
840 2386 973 2416 καλέσαι
996 2386 1038 2425 τῷ
1056 2384 1159 2425 ἀγῶνι
1177 2383 1279 2425 τούτῳ
1290 2383 1594 2427 Ἀπολλόδωρον.-

264 2440 295 2467 et
311 2447 395 2477 quae
410 2437 452 2468 ab
467 2438 569 2468 altero
585 2438 670 2469 dicta
686 2441 759 2469 sunt
775 2439 878 2479 prima
895 2439 993 2469 uerba
1008 2437 1036 2477 ἕ.
1052 2437 1090 2469 16
1107 2434 1127 2468 ἶὶ
1142 2437 1206 2480 μὲν
1221 2436 1428 2480 ν’δικηιιιένος,
1445 2431 1471 2467 ὦ
1489 2434 1521 2468 ι’ἑ.
1536 2434 1592 2476 Ἅ.,

267 2485 328 2517 ὑπὸ
351 2485 530 2527 Στεφάνου
558 2486 746 2527 ἀναβέβηκα
777 2486 1013 2529 κατηγορήσων
1038 2491 1179 2530 Νεαίρας
1209 2491 1355 2529 ταυτησὶ,
1386 2487 1595 2531 Θεόμνηστος

264 2540 369 2578 εἴρηκε
393 2538 475 2580 πρὸς
499 2537 592 2579 ὑμᾶς.
615 2537 657 2573 ὡς
671 2538 769 2569 δ’ἐστὶ
788 2541 863 2579 ξένη
883 2542 1016 2581 Νέαιρα,
1033 2558 1070 2562 —
1088 2542 1181 2571 τοῦτο
1201 2539 1279 2583 ὑμῖν
1292 2539 1454 2580 βούλομαι
1478 2542 1594 2581 σαφῶς

264 2590 436 2626 ἐπιδεῖξαι.
