1783 2980
827 197 845 210 Ρ*

724 219 774 224 —
832 210 840 234 ι
901 219 946 224 .—

181 310 390 360 μελλούσης
439 311 479 347 δὲ
517 316 584 355 τῆς
632 311 748 356 δίκης,
786 323 870 348 cum
911 310 956 349 G.
994 311 1044 349 H.
1083 311 1310 350 Schaeferus
1326 312 1353 360 ¹)
1397 311 1504 350 malit

179 370 335 409 fratrem
371 383 394 408 a
421 369 453 418 §-
480 371 528 408 22
554 370 707 409 demum
733 371 860 409 uerbis
887 374 924 416 ἐξ
951 374 1077 408 αὐτοῦ
1104 373 1148 415 δὴ
1174 379 1248 410 τοῦ
1275 374 1504 424 πράγματος

179 431 345 481 incipere
379 432 501 479 loqui:
541 436 604 478 „ut
642 432 775 481 prioris
815 432 934 469 oratio
974 431 1027 467 τὰ
1063 432 1369 483 μαρτυρούμενα,
1404 445 1504 481 quae

179 490 444 529 Phormionem
477 495 581 528 recta
607 491 883 539 eonuineerent,
911 491 1127 542 posterioris
1153 493 1206 529 τὰ
1233 494 1410 543 τεκμήρια
1438 495 1504 529 καὶ

179 553 233 589 τὰ
268 551 411 595 εἰκότα,
444 562 543 600 quae
575 556 613 588 et
645 552 739 601 ipsa,
775 552 845 589 etsi
879 564 947 602 per
977 552 1170 601 ambages,
1204 552 1505 591 demonstrarent

180 611 354 650 fraudem
395 611 547 659 factam,
586 612 785 662 complexa
821 612 904 649 sit“.
968 612 1042 650 Sed
1082 625 1195 662 quam
1234 612 1292 650 his
1331 614 1505 652 omnibus

180 672 429 710 diuisionibus
455 672 564 710 multi
590 677 817 713 moueantur
844 673 1019 723 scrupuli,
1046 673 1129 721 quis
1164 678 1221 711 est
1247 674 1336 723 quin
1363 674 1504 723 uideat,

181 745 265 770 cum
302 733 467 781 exempli
502 732 625 779 gratia
658 732 826 770 conferat
862 732 893 779 ξ.
926 734 973 770 23
1008 733 1127 770 uerba
1162 734 1276 776 οὗτος
1312 734 1504 771 ἐδάνεισεν

181 806 265 831 eum
293 791 324 840 ξ.
350 794 397 830 31
428 793 508 842 ἐμοὶ
534 799 590 841 τῷ
621 794 860 837 δανείσαντι,
891 792 1026 830 deinde
1053 792 1083 840 ἓ.
1111 794 1158 830 29
1185 794 1257 830 τὸν
1282 794 1409 831 παῖδα
1434 794 1506 832 τὸν

181 854 328 889 τούτου
362 866 447 890 eum
490 852 521 899 ξ.
556 855 599 890 41
641 854 713 889 τὸν
753 855 880 890 παῖδα
920 854 992 890 τὸν
1026 853 1129 901 ἐμόν,
1169 857 1250 890 tum
1290 852 1320 898 ξ.
1358 854 1401 890 31
1439 860 1506 897 τῆς

182 918 402 964 συγγραφῆς
437 927 501 950 σοι
534 913 695 961 κειμένης
731 912 918 956 Ἀθήνησι
952 913 1016 949 καὶ
1049 913 1142 964 πρὸς
1179 914 1241 961 ἐμέ
1275 921 1360 950 cum
1395 913 1426 961 ξ.
1458 915 1505 951 32

182 973 287 1018 εἰδὼς
315 974 421 1011 κατὰ
448 979 521 1010 σοῦ
554 975 724 1022 κειμένην
757 973 941 1017 Ἀθήνησι
976 973 1203 1024 συγγραφὴν
1228 978 1320 1024 πρὸς
1347 979 1506 1019 τοῦτον,

183 1032 270 1081 alia,
298 1045 396 1082 quae
424 1034 473 1071 ab
499 1034 573 1071 illis
599 1033 664 1071 uni
700 1033 969 1081 attribuuntur,
1004 1032 1070 1071 sed
1105 1037 1207 1071 certe
1241 1047 1312 1072 non
1349 1034 1397 1072 ab
1432 1048 1506 1072 uno

181 1093 390 1145 eodemque
416 1094 517 1132 dicta
544 1107 627 1132 esse
652 1095 835 1143 possunt?
877 1094 1005 1138 Quare
1032 1094 1258 1132 recentiores
1283 1095 1507 1146 interpretes

183 1154 297 1192 etiam
323 1159 438 1205 atque
466 1155 580 1193 etiam
609 1155 817 1193 orationem
845 1154 1057 1192 diuidentes
1097 1154 1155 1191 his
1195 1167 1294 1204 quae
1333 1155 1431 1193 inter
1467 1168 1506 1192 se

181 1215 435 1264 repugnantia
485 1227 568 1252 esse
619 1214 699 1251 dixi
741 1213 884 1251 mederi
928 1214 1142 1251 studebant.
1210 1214 1268 1251 Ae
1310 1213 1506 1252 Baiterum

183 1273 481 1325 Sauppiumque,
516 1274 678 1312 editores
705 1274 940 1322 Turicenses,
975 1278 1126 1312 secutus
1160 1274 1206 1311 A.
1233 1274 1507 1322 Schaeferus2),

184 1334 243 1371 eui
271 1334 525 1385 adstipulatur
550 1334 760 1381 Darestius‚
788 1335 1015 1385 tripartitam
1042 1348 1128 1372 eam
1154 1335 1237 1372 uult
1263 1347 1358 1382 esse,
1386 1335 1439 1372 ita
1465 1340 1507 1372 ut

184 1392 397 1444 Chrysippo
424 1395 498 1432 sint
525 1394 777 1441 attribuenda,
805 1407 904 1444 quae
925 1395 1103 1443 leguntur
1124 1395 1210 1431 inde
1238 1408 1261 1431 a
1287 1394 1318 1442 ξ.
1340 1397 1356 1431 1
1387 1406 1506 1443 usque

183 1453 231 1490 ad
267 1452 298 1500 ἓ.
329 1456 373 1491 18
409 1459 446 1491 et
480 1468 503 1491 a
537 1453 569 1501 ξ.
595 1456 643 1491 33
678 1466 798 1502 usque
834 1454 882 1491 ad
917 1455 1042 1501 finem,
1077 1454 1232 1502 eiusque
1267 1454 1374 1491 fratri
1409 1465 1507 1502 quae

182 1513 280 1550 inter
306 1512 338 1560 ἓ.
359 1515 404 1550 18
431 1518 468 1550 et
495 1513 526 1560 ξ.
548 1516 595 1551 33
623 1513 869 1551 intercedunt.
912 1513 1107 1550 Nitschius
1133 1527 1224 1551 uero
1251 1515 1314 1551 uel
1340 1514 1506 1562 quinque

183 1578 311 1623 partes
345 1574 488 1622 statuit,
523 1586 607 1611 cum
648 1573 738 1611 dicit
751 1573 796 1620 ³):
841 1573 1130 1620 „Demosthenis
1169 1574 1205 1610 in
1240 1573 1505 1611 Phormionem

183 1634 391 1672 orationem
430 1635 484 1672 ita
522 1634 705 1672 distribuo
744 1635 840 1672 inter
879 1635 959 1672 eius
999 1639 1158 1672 actores:
1201 1636 1319 1672 1—17
1360 1633 1505 1684 (ἔχητε)

184 1694 420 1745 Chrysippus
446 1695 623 1745 loquitur,
662 1696 807 1732 18-29
842 1694 1051 1741 (κοινωνόν)
1084 1695 1164 1732 eius
1192 1695 1320 1743 frater,
1355 1696 1500 1732 30—31

182 1753 281 1801 (ἴστε
309 1776 356 1779 —
384 1754 596 1805 ἐλεύθερον)
624 1754 720 1801 Chr„
748 1755 896 1792 32—33
923 1753 958 1801 (ἡ
985 1754 1056 1805 γὰρ
1074 1776 1124 1782 -
1146 1755 1349 1799 ἐνθέσθαι)
1377 1754 1505 1802 frater,

184 1815 332 1852 34—52
359 1813 438 1862 (καὶ
454 1815 502 1851 τὸ
522 1816 585 1860 μὲν
603 1837 652 1842 -
670 1816 857 1859 κελεύητε)
886 1814 1052 1865 denique.
1067 1813 1189 1862 Chr.“,
1216 1826 1291 1863 qua
1313 1814 1505 1852 diuidendi

183 1875 329 1912 ratione
357 1874 496 1912 addere
524 1876 686 1924 cogitur:
717 1873 770 1922 „§.
797 1875 845 1911 32
873 1874 1109 1912 scribendum
1136 1879 1193 1912 est
1220 1874 1285 1911 ὅδε
1306 1896 1353 1900 -
1382 1876 1505 1918 ἐποιή-

182 1949 284 1971 σατο
319 1948 387 1986 pro
422 1935 501 1972 οἵδε
533 1937 781 1978 ἐποιήσαντο,
818 1934 849 1981 ξ.
883 1935 931 1971 40
966 1935 1126 1972 fortasse
1160 1935 1403 1983 ἐπεδείξαμεν
1436 1947 1504 1983 pro

183 1993 388 2038 ἐπέδειξα“.
440 1994 679 2040 Lortzingius
691 1993 721 2041 4)
752 1993 1098 2031 scribendum-esse
1126 1997 1253 2031 censet
1279 1993 1353 2029 καὶ·
1372 1993 1409 2030 οἳ
1436 1994 1502 2041 μὲν

182 2054 461 2102 ἐποιησάμεθα.
503 2054 578 2092 Sed
597 2068 644 2092 ne
663 2055 715 2091 sie
734 2054 885 2102 quidem
904 2067 1033 2091 omnes
1051 2054 1235 2091 tolluntur
1252 2053 1506 2091 difficultates.

182 2113 387 2152 Sohaefero
423 2115 586 2153 concedo
623 2115 716 2152 nihil
749 2114 909 2161 obstare,
942 2114 1139 2163 quominus
1172 2126 1245 2162 quo
1277 2114 1359 2151 iure
1386 2112 1505 2164 Chry-

183 2175 324 2224 sippus,
360 2175 493 2213 eodem
528 2176 646 2212 frater
681 2176 880 2226 pecuniam
913 2174 1130 2211 Phormioni
1168 2178 1339 2211 mutuam
1377 2174 1505 2211 datam

285 2297 309 2335 ¹)
333 2301 526 2338 „apparatus
556 2299 683 2329 criticus
713 2302 743 2329 et
773 2300 954 2338 exegeticus
981 2299 1021 2329 ad
1049 2296 1326 2334 Demosthenew,
1350 2301 1425 2328 tom.
1448 2299 1504 2327 IV.

182 2358 255 2389 pag.
277 2346 345 2393 547.

228 2400 230 2402 ’
282 2397 308 2436 2)
331 2400 351 2429 l.
374 2400 393 2429 l.
416 2409 489 2439 pag.
511 2398 571 2430 304
592 2410 661 2439 prx.

282 2447 593 2487 ³)'„det1·aieiendis
622 2449 767 2489 partibus
796 2450 828 2479 in
856 2449 1078 2480 Demosthenis
1107 2447 1333 2486 orationibus“,
1362 2449 1505 2479 Berolini

182 2497 270 2538 1863,
291 2499 365 2531 diss.
387 2500 466 2531 thes.
487 2498 515 2530 4.

281 2548 308 2587 ⁴)
329 2551 349 2580 l.
373 2551 392 2579 l.
415 2551 493 2580 thes.
517 2549 544 2580 1.
