1783 2980
254 792 397 841 vOratio
438 802 622 840 aduersus
655 802 922 840 Phormionem
957 803 1178 853 conscripta,
1219 816 1333 853 quam
1373 804 1486 841 susci-

163 864 287 914 pimus
308 863 560 910 tractandam,
582 863 680 900 inter
700 862 1014 899 Demosthenieas
1041 863 1270 899 tricesimum
1297 867 1485 912 quartum,

162 925 200 961 in
223 936 380 961 numero
404 927 549 973 septem
572 921 930 973 paragraphicarum
954 933 1052 971 quae
1073 926 1256 959 uocantur
1277 922 1486 960 orationum

162 984 316 1021 tertium
343 983 487 1020 obtinet
513 983 647 1020 locum.
686 982 745 1019 De
763 982 843 1019 eius
868 982 1107 1032 inscriptione
1133 983 1219 1019 libri
1242 983 1487 1032 manuscripti

162 1044 259 1081 inter
276 1056 316 1080 se
335 1042 570 1080 dissentiunt.
609 1041 710 1079 Nam
728 1054 813 1079 cum
839 1041 877 1079 in
895 1041 1066 1092 plurimis
1085 1042 1137 1080 sic
1156 1055 1202 1080 ea
1220 1042 1268 1080 sit
1286 1047 1486 1094 concepta:

163 1102 429 1150 Δημοσθένους
455 1104 475 1138 ὁ
499 1102 592 1152 πρὸς
613 1102 817 1152 Φορμίωνα
842 1101 929 1152 περὶ
954 1102 1106 1139 δανείου
1126 1101 1248 1148 λόγος,
1275 1102 1360 1150 duo,
1383 1104 1487 1140 Pari-

162 1163 323 1200 siensem
367 1162 392 1200 S
436 1162 518 1200 dico
562 1166 600 1199 et
643 1162 911 1211 Augustanum
950 1161 986 1198 A
1024 1161 1226 1212 (primum),
1268 1163 1364 1200 alter
1402 1168 1487 1212 post

162 1227 345 1271 extrema,
381 1223 478 1269 alter
515 1226 603 1260 ante
641 1222 763 1273 prima
799 1221 975 1259 orationis
1014 1222 1132 1259 uerba
1171 1222 1265 1259 haec
1305 1223 1487 1261 exhibent

161 1282 367 1320 uocabula:
392 1283 487 1332 ὑπὲρ
505 1281 736 1332 Χρυσίππου
755 1281 848 1331 πρὸς
875 1281 945 1324 τὴν
972 1282 1190 1331 Φορμίωνος
1211 1284 1485 1333 παραγραφήν,

162 1344 199 1380 in
226 1343 362 1393 quibus
389 1343 569 1380 maiorem
598 1342 712 1379 fidem
746 1342 870 1379 inesse
896 1345 987 1392 puto
1013 1355 1086 1379 non
1113 1342 1233 1379 solum
1261 1343 1486 1380 auctoritate

161 1402 297 1440 codicis
324 1403 350 1440 S
378 1406 595 1450 commotus,
628 1401 693 1439 sed
729 1401 843 1438 etiam
880 1405 1088 1438 ceterarum
1120 1402 1486 1453 paragraphicarum

160 1463 370 1500 orationum
404 1459 707 1512 inscriptionibus
740 1461 827 1499 huic
862 1461 1068 1508 simillimis,
1102 1474 1187 1499 eum
1222 1462 1395 1500 omnibus
1427 1463 1486 1500 his

160 1523 390 1570 significetur
416 1523 606 1572 pertinere
633 1522 821 1559 orationes
848 1521 896 1558 ad
923 1521 1188 1571 exceptionum
1218 1523 1385 1559 actiones
1399 1522 1436 1570 ¹).

260 1583 395 1634 Neque
421 1596 511 1621 uero
533 1582 730 1633 quisquam
749 1585 920 1619 ueterum
945 1582 1276 1631 grammaticorum
1296 1587 1362 1620 aut
1388 1583 1486 1620 criti-

160 1656 287 1681 corum
322 1647 388 1680 aut
422 1642 779 1693 lexicographorum
821 1645 951 1690 aperte
986 1641 1219 1679 dubitauisse
1254 1642 1405 1680 uidetur
1438 1643 1485 1680 dc

159 1716 248 1741 uere
270 1703 563 1741 Demosthenica
590 1702 702 1739 huius
729 1701 907 1739 orationis
934 1701 1088 1751 origine.
1128 1701 1203 1739 Sed
1229 1702 1294 1739 ubi
1322 1703 1484 1753 primum

160 1777 206 1802 ea
233 1763 456 1801 Callimachi
483 1763 670 1813 Cyrenaei
696 1761 799 1800 haud
825 1761 939 1799 dubie
965 1761 1114 1810 iudicio,
1142 1774 1165 1799 a
1191 1773 1264 1811 quo
1292 1763 1373 1801 uiro
1400 1763 1484 1801 doc-

159 1824 302 1861 tissimo
328 1824 509 1862 librorum
543 1823 882 1871 manuscriptorum
914 1821 1165 1859 bibliothecae
1199 1822 1484 1861 Alexandrinae

159 1884 298 1922 indices
330 1883 517 1931 (πίιιακες)
529 1883 558 1930 2)
584 1883 752 1920 maxima
780 1895 827 1920 ex
842 1885 950 1932 parte
978 1886 1064 1919 sunt
1091 1883 1287 1932 repetendi
1301 1883 1341 1931 3),
1369 1884 1484 1931 digna

261 1995 283 2032 ¹)
306 1996 346 2027 ef.
369 2005 431 2026 orr.
454 1993 622 2034 [XXXII]
647 1991 729 2032 πρὸς
750 1990 941 2033 Ζηνόθεμιν
963 1990 1182 2034 παραγραφή,
1201 1992 1384 2033 [XXXIII]
1403 1994 1487 2034 πρὸς

155 2042 371 2084 Ἀπατούριον
402 2041 618 2086 παραγραφή,
649 2044 811 2083 [XXXV]
848 2041 930 2085 πρὸς
961 2041 1019 2082 τὴν
1040 2046 1212 2084 Λακρίτου
1244 2044 1483 2086 παραγραφὴν,

159 2097 312 2130 XXXVI.
348 2094 554 2137 παραγραφὴ
592 2093 672 2136 ὑπὲρ
708 2097 916 2136 Φορμίωνος,
952 2096 1125 2127 XXXVII.
1160 2095 1368 2137 παραγραφὴ
1404 2097 1486 2139 πρὸς

159 2149 393 2187 Πανταίνετον,
416 2150 607 2181 XXXVIII.
629 2145 834 2189 παραγραφὴ
857 2145 939 2190 πρὸς
963 2148 1182 2188 Ναυσίμαχον
1203 2150 1256 2178 καὶ
1282 2149 1316 2182 Ξ.

258 2199 283 2238 ²)
306 2201 345 2232 cf.
370 2201 483 2232 Suidas
515 2210 549 2249 Β.ἱ
571 2211 602 2233 u.
633 2200 862 2241 Καλλῳιιχοςτ
894 2201 1031 2233 πίνακες
1063 2199 1128 2229 τῶν
1160 2199 1196 2230 ἐν
1228 2198 1317 2242 πάσῃ
1349 2200 1485 2240 παιδείᾳ

157 2249 424 2292 διαλαμψάντων
445 2252 502 2281 καὶ
524 2250 571 2281 ὡν
592 2254 814 2293 συνέγραψαν
835 2252 871 2283 ἐν
891 2252 1027 2291 βιβλίοις
1047 2249 1073 2281 κ’
1098 2253 1151 2282 καὶ
1175 2249 1214 2291 ρ’,

259 2301 285 2341 ³)
307 2304 346 2335 cf.
370 2314 452 2343 quae
482 2305 521 2335 de
551 2305 612 2335 hac
639 2316 672 2335 re
702 2307 919 2345 exposuerunt
944 2304 1163 2335 Rehdantzius
1192 2305 1225 2334 in
1254 2304 1293 2335 A.
1322 2305 1485 2335 Schaeferi

158 2353 239 2382 libro
263 2354 512 2390 „Demosthenes
533 2355 598 2384 und
620 2356 706 2386 seine
722 2353 806 2386 Zeit“
831 2355 982 2394 inscripto
1004 2356 1067 2384 uol.
1088 2355 1148 2385 ΙΙΙ.
1169 2357 1252 2394 part.
1274 2355 1316 2385 II.
1338 2364 1412 2394 pag.
1426 2353 1485 2384 317

158 2413 260 2442 prxx.,
283 2403 410 2444 Siggius
439 2404 537 2442 („De1·
557 2405 725 2436 Verfasser
754 2405 810 2436 der
837 2404 857 2435 9
886 2405 1058 2446 angeblich
1084 2415 1147 2435 von
1173 2405 1405 2436 Demosthenes
1434 2405 1486 2435 fiir

157 2453 336 2492 Apollodor
357 2455 605 2494 geschriebenen
627 2454 772 2493 Reden“)
801 2456 832 2485 in
855 2456 963 2486 annal.
985 2455 1096 2495 philol.
1125 2456 1230 2495 suppl.
1252 2455 1308 2485 VI.
1331 2465 1404 2495 pag.
1426 2454 1486 2485 399

158 2512 261 2541 prxx.‚
294 2504 335 2535 H.
367 2504 528 2544 Sauppius
559 2505 591 2535 in
623 2506 714 2545 epist.
754 2505 822 2536 crit.
854 2505 895 2536 ad
927 2505 965 2535 G.
999 2505 1219 2535 Hei-mannum
1260 2504 1361 2545 (Lips.
1393 2503 1485 2542 1840)

158 2561 230 2591 pag.
251 2551 303 2591 49,
324 2554 365 2583 al.
719 2553 723 2557 '
