1782 2980
831 194 1055 231 -6-

275 304 474 341 Dar-estius
500 304 547 341 de
575 316 667 341 uera
704 303 815 341 huius
850 298 1030 340 orationis
1065 303 1208 349 origine
1243 316 1427 354 quaerere
1458 305 1608 342 omnino

276 363 488 416 supersedit
504 364 541 411 ¹).

376 424 485 462 llaec
522 425 601 462 fere
637 424 917 475 praemonenda
952 428 1072 472 erant,
1108 428 1149 461 ut
1177 424 1264 462 inde
1299 438 1321 462 a
1354 426 1475 475 primo
1503 425 1608 463 initio

275 488 375 522 esset
406 485 661 535 perspicuum,
696 497 860 534 quonam
895 497 1014 535 usque
1050 485 1217 522 uirorum
1252 484 1446 522 doctorum
1482 485 1607 523 studia

276 545 312 582 in
341 545 413 582 hae
439 545 610 583 oratione
644 545 886 583 diiudicanda
921 545 1201 596 processissent.
1254 546 1363 591 Quae
1396 558 1481 583 cum
1509 546 1607 584 eius-

275 605 377 643 modi
405 606 492 654 sint,
520 610 562 643 ut
589 606 845 644 Horatianum
880 605 972 643 illud
1016 605 1162 652 „adhue
1198 606 1268 643 sub
1303 605 1425 644 iudice
1452 606 1498 643 lis
1526 607 1604 644 est“

276 666 324 704 ad
352 680 437 704 eam
466 666 546 705 fere
575 680 647 705 non
675 667 749 704 iam
787 667 906 718 possit
941 666 1126 715 adhiberi,
1154 666 1264 705 facile
1292 666 1394 704 dicat
1420 667 1608 717 quispiam

276 727 389 777 plane
429 740 755 776 superuacaneum
791 740 874 764 esse
913 727 1036 765 denuo
1073 727 1120 764 de
1156 727 1376 777 quaestione
1411 727 1459 764 ad
1494 728 1606 764 finem

277 791 318 824 ut
346 787 454 825 aiunt
482 787 664 838 perducta
690 787 914 836 disceptare.
959 787 1030 825 Cui
1053 787 1226 836 equidem
1255 787 1491 838 respondebo
1517 788 1610 825 mihi

278 859 428 897 quoque
456 860 555 898 quae
582 848 653 884 uiri
679 848 733 884 illi
768 847 868 885 docti
902 842 1032 885 contra
1059 847 1394 885 Demosthenicam
1430 849 1610 885 orationis

278 907 462 956 originem
490 907 729 956 protulerunt
755 907 907 956 probari
933 907 999 945 illa
1018 907 1170 958 quidem
1197 911 1236 944 et
1263 911 1446 958 tanquam
1474 907 1608 946 funda-

277 972 407 1005 menta
441 968 556 1006 totius
591 968 823 1018 quaestionis
858 981 952 1016 esse,
988 968 1053 1005 sed
1090 967 1317 1006 stabilienda
1359 967 1479 1006 uideri
1516 981 1609 1017 esse,

278 1041 353 1078 quo
380 1028 529 1066 facilius
556 1028 641 1065 aliis
669 1028 956 1077 persuadeatur,
984 1032 1025 1065 ut
1052 1028 1247 1066 nobiscum
1275 1028 1458 1066 factitent.

380 1087 508 1137 Atque
535 1088 685 1126 initium
721 1092 764 1125 ut
797 1088 993 1139 capiamus
1020 1088 1244 1139 inquirendi,
1279 1089 1561 1140 proficiscamur
1587 1103 1610 1127 a

279 1149 499 1197 quaestione
523 1148 758 1197 difficillima,
779 1148 828 1186 ad
856 1162 970 1199 quam
998 1148 1085 1186 inde
1111 1149 1159 1186 ab
1187 1149 1353 1198 antiquis
1378 1150 1610 1199 temporibus

278 1221 398 1258 usque
422 1208 471 1245 ad
497 1208 566 1245 hos
593 1221 789 1258 supremos
816 1221 934 1245 annos
961 1209 1031 1245 uiri
1059 1208 1158 1245 docti
1184 1209 1329 1246 animos
1356 1209 1418 1246 uel
1443 1209 1609 1247 maxime

279 1268 534 1315 attenderunt,
560 1281 646 1305 eum
673 1268 770 1305 alius
797 1268 911 1305 aliam
940 1267 1215 1318 persoluendae
1241 1267 1475 1306 difficultatis
1500 1269 1611 1306 iniret

279 1329 475 1366 rationem.
515 1328 732 1376 Quaeritur,
761 1333 887 1366 utrum
916 1329 965 1366 ab
991 1341 1066 1366 uno
1086 1328 1299 1379 Chrysippo
1327 1342 1375 1366 an
1403 1342 1425 1366 a
1452 1329 1609 1377 duobus,

280 1389 493 1439 Chrysippo
521 1389 678 1438 eiusque
696 1389 834 1435 ‚frati-e,
860 1401 907 1425 an
929 1401 951 1425 a
969 1388 1089 1425 tribus
1113 1388 1210 1425 hane
1234 1389 1443 1426 orationem
1469 1389 1609 1427 dictam

279 1461 363 1486 esse
389 1461 623 1495 censeamus,
651 1448 791 1498 quippe
810 1448 847 1485 in
867 1459 942 1496 qua
969 1460 1109 1485 nouum
1137 1447 1230 1485 illud
1258 1452 1372 1498 atque
1399 1449 1610 1486 inauditum

279 1509 358 1556 fiat,
386 1513 428 1545 ut
455 1508 485 1545 is
514 1521 626 1558 quem
654 1508 759 1545 initio
786 1508 909 1556 ipsum
929 1508 1046 1545 uerba
1073 1507 1197 1544 faeere
1216 1507 1388 1545 uidemus
1407 1530 1450 1533 ——
1474 1508 1519 1545 cf.
1538 1507 1568 1555 ξ.
1588 1511 1609 1546 6

278 1568 347 1614 ἐγὼ
375 1567 569 1611 ἐδάνεισα,
597 1568 644 1604 al.
673 1590 720 1593 -—
749 1567 851 1604 haud
878 1568 997 1604 multo
1033 1571 1117 1617 post
1154 1567 1289 1604 tertiae
1316 1580 1500 1617 personae
1526 1581 1610 1618 pro-

279 1628 429 1666 nomine
473 1628 590 1666 semel
638 1628 825 1665 iterumue
876 1628 1108 1675 significetur
1152 1649 1200 1653 -—
1244 1628 1289 1666 ef.
1333 1628 1364 1675 ξ.
1404 1629 1451 1666 23
1496 1629 1610 1673 οὗτος

280 1690 486 1733 ἐδάνεισεν,
528 1690 575 1726 al.
645 1690 772 1739 Atque
812 1689 974 1739 primum
1016 1689 1208 1736 Libanius,
1250 1701 1362 1737 quem
1403 1693 1611 1739 sequuntur

280 1750 564 1787 Sehoemannus
576 1750 604 1796 2)
628 1755 665 1786 et
684 1749 729 1786 Α.
749 1749 793 1786 G.
813 1748 1007 1786 Beekerus
1018 1748 1059 1795 3),
1085 1749 1120 1785 in
1147 1754 1371 1797 argumento
1393 1749 1447 1786 ita
1474 1749 1609 1786 diuidit

279 1809 499 1856 orationem,
543 1814 584 1846 ut
623 1809 786 1858 priorem
821 1813 967 1858 partem
1004 1821 1124 1858 usque
1159 1808 1207 1845 ad
1242 1808 1526 1859 paragraphum
1562 1811 1605 1846 21

280 1870 530 1921 pertinentem
550 1869 763 1920 Chrysippo
791 1874 828 1907 et
855 1881 953 1917 quae
981 1868 1068 1906 inde
1095 1882 1118 1905 a
1137 1869 1262 1906 uerbis
1289 1870 1459 1914 ἀκούσας
1476 1870 1611 1907 τοίνυν

235 1966 238 1968 .
279 1934 376 1977 ἡμῶν
412 1928 590 1979 leguntur
636 1930 744 1967 alteri
788 1929 931 1966 tribuat
945 1929 983 1975 4).
1042 1929 1221 1966 Reiskius
1263 1929 1350 1966 huie
1389 1933 1465 1967 tres
1508 1929 1613 1966 addit

281 1990 553 2040 paragraphos,
597 1994 637 2026 ut
682 1990 762 2026 eius
807 1989 930 2039 prima
974 1989 1093 2026 uerba
1138 1989 1210 2026 sint
1254 1989 1291 2026 in
1332 1988 1363 2034 ξ.
1408 1991 1453 2026 18
1497 1989 1610 2026 haec:

383 2095 405 2131 ¹)
430 2097 493 2133 „les
516 2096 698 2135 plaidoyers
720 2095 811 2125 rivils
833 2095 872 2125 de
896 2094 1120 2130 Demosthene,
1143 2095 1277 2124 traduits
1300 2105 1338 2125 en
1361 2095 1511 2134 franeais,
1533 2105 1611 2125 avec

280 2148 467 2185 arguments
489 2151 520 2176 et
543 2144 661 2181 notes“,
684 2145 774 2174 Paris
798 2142 885 2181 1875,
908 2145 970 2175 uol.
994 2144 1017 2173 Ι.
1041 2153 1114 2183 pag.
1136 2142 1204 2174 293.

380 2193 407 2232 ²)
429 2195 528 2225 Meier
563 2194 628 2224 und
665 2195 876 2231 Schoemann,
914 2193 988 2230 „der
1023 2193 1159 2224 attische
1194 2194 1355 2231 Process“,
1391 2194 1487 2225 Halle
1523 2192 1611 2231 1824,

281 2256 353 2285 pag.
375 2243 445 2276 711.
468 2248 532 2275 not.
553 2243 603 2275 22.

380 2295 405 2331 ²⁵)
430 2296 680 2333 „Demosthenes
702 2296 750 2324 als
773 2295 977 2324 Stantsmann
1002 2294 1065 2324 und
1088 2293 1244 2331 ltedneff,
1276 2295 1370 2325 Halie
1393 2295 1457 2324 und
1480 2295 1612 2334 Leipzig

281 2343 369 2383 1815,
391 2355 464 2385 pag.
487 2343 547 2375 426
569 2355 639 2385 prx.

380 2394 406 2433 ⁴)
428 2405 502 2436 pag.
527 2395 598 2433 906,
626 2393 663 2426 17
693 2391 857 2433 τετήρηται
887 2393 921 2423 δὲ
950 2393 986 2423 ἐν
1014 2394 1057 2432 τῷ
1085 2391 1172 2433 λόγῳ
1201 2391 1320 2424 ταύτὸν
1345 2391 1427 2433 ὅπερ
1454 2394 1508 2423 καὶ
1538 2394 1610 2433 περὶ

282 2444 338 2476 ιόν
367 2443 451 2476 κατὰ
475 2447 627 2487 Νεαίρας,
656 2443 703 2476 ὅτι
730 2443 777 2487 μὴ
807 2443 857 2485 ὑφ’
888 2443 962 2480 ἑνὸς
982 2447 1102 2486 εἴρηται
1133 2442 1321 2485 myoctonon,
1363 2443 1428 2474 ἀλλ’
1454 2444 1522 2474 ἐκεῖ
1548 2444 1614 2486 μὲν

280 2498 437 2539 ἑκατέρου
464 2495 620 2538 διαστολὴ
643 2495 784 2539 φανερὰ,
816 2497 961 2528 ἐνταῦθα
992 2496 1027 2527 δὲ
1051 2498 1261 2537 συγκέχυται.
1306 2495 1464 2527 dom—fd&
1498 2495 1610 2538 ἔμοιγε

281 2549 437 2580 hub-‘ln‘
459 2548 475 2580 ὁ
499 2548 651 2592 δεύτερος
672 2551 781 2590 λέγειν
805 2547 969 2590 ῃάκούσας
992 2551 1104 2579 τοίνυν
1128 2546 1221 2590 ἡμῶν
1244 2572 1250 2577 .
1276 2571 1282 2578 .
1309 2548 1335 2578 .“
1359 2548 1427 2578 κτλ.
