1783 2980
153 303 287 342 uitiose
312 302 398 352 plus
423 301 520 340 duae
546 303 682 341 breues
708 304 877 352 syllabae
908 304 947 342 in
978 305 1050 342 hac
1081 305 1249 343 oratione
1276 303 1468 353 octoginta

154 363 232 402 fere
258 362 349 401 locis
375 366 461 400 sunt
486 363 643 412 positae,
669 367 711 402 ut
736 363 790 412 ἓξ.
818 366 835 402 1
866 364 1044 416 ἐμπόριον
1077 367 1417 415 εἰςαφικνούμενοι,
1446 365 1466 400 7

154 419 252 465 αὕτη
286 422 432 472 ἐγένετο
465 428 549 467 τοῦ,
579 425 624 461 10
656 425 932 474 προςανέλαβεν
964 426 1027 462 ἐπὶ
1056 426 1103 462 τὸ
1135 425 1401 475 κατάστρωμα
1420 446 1467 449 -

153 484 269 528 αὐτὸς
288 483 355 529 μὲν
373 483 554 527 ἀπεσώθη
571 506 621 511 -
638 481 729 520 οὔτε
747 485 979 535 συνανήχθη,
997 487 1037 523 11
1055 485 1253 536 προςέχετε
1272 484 1343 521 τὸν
1361 489 1467 527 νοῦν,

157 545 202 582 12
235 538 360 595 ἕτεξος
395 540 475 588 ἤδη,
512 545 557 581 15
591 545 788 594 οὐδέτερος
823 546 962 589 αὐτῶν,
999 547 1043 583 16
1069 543 1090 582 ὃ
1124 545 1267 595 ἔλαχον
1301 546 1465 592 αὐτῷ-

153 600 299 652 ἔλαχον
326 602 406 651 ἐγὼ,
437 605 481 642 18
509 602 694 654 πρότερον
720 604 861 654 εἰρήκει,
889 605 932 641 21
963 602 1124 655 ὕστερον
1150 604 1392 651 ἐπυθόμεθα,
1419 605 1466 641 22

154 662 268 707 οὗτος
300 662 792 711 ἀποδώσειν-ἐνθέμενος
826 665 888 709 εἰς,
920 666 967 702 23
1003 665 1272 714 δανεισάμενος
1304 665 1466 714 ἐγγείων,

153 725 200 762 27
229 725 362 776 πρᾶξιν
397 723 835 774 ἐδίδοσαν-ἐμπόριον
869 723 1278 771 ἥκων-συμβόλαιον
1308 725 1466 771 ἐγένετο,

153 785 202 822 28
228 783 437 834 παρέλαβες
456 785 507 828 ἐν,
535 785 582 822 29
600 784 812 834 γράμματα
830 785 958 831 λαβών
976 808 1020 811 ——
1035 786 1192 836 χρυσίον
1210 783 1467 828 ἀποδιδόντα,

131 832 201 881 ‘33
228 844 355 880 αὐτὸν
383 843 799 881 ἀποδοῦναι-*ὁπότε
824 843 895 894 γὰρ
924 845 975 888 ἐν,
1001 847 1049 882 35
1075 845 1221 891 τούμὸν
1254 843 1466 894 ἐμερίσατο,

154 905 202 942 36
230 903 423 955 δεινότερα
441 905 602 949 τούτου,
621 906 670 942 40
695 903 952 954 ὑπάρχουσαν
978 905 1177 941 ἐπιείκειαν
1199 903 1465 950 ἀποβάλωμεν,

123 1006 126 1008 ,
153 966 196 1002 41
225 964 352 1000 παῖδα
371 963 667 1014 παραλαβόντα,
690 965 738 1001 42
758 962 906 1011 ἄμεινον
921 965 1205 1013 ἀπελογήσατο,
1220 965 1267 1000 44
1282 962 1466 1014 πρότερον

153 1025 281 1067 αὐτοί,
308 1024 355 1061 46
384 1022 500 1071 μόνον
527 1024 719 1075 ἀναφέρει,
746 1024 793 1061 al.

251 1083 338 1134 Age
364 1096 463 1122 nunc
488 1083 537 1122 ad
562 1084 689 1134 aliam,
720 1097 818 1136 quae
845 1084 941 1123 inter
967 1085 1173 1123 orationem
1198 1083 1404 1122 XXXIIII.
1431 1086 1468 1121 et

152 1145 464 1184 Demosthenicas
507 1145 694 1184 orationes
745 1149 882 1194 exstat,
929 1146 1126 1184 ueniamus
1169 1144 1467 1195 discrepantiam.

154 1205 310 1243 Constat
348 1205 449 1243 enim
495 1205 712 1253 „nomina
751 1206 947 1256 propria
991 1219 1014 1243 a
1053 1205 1307 1243 Demosthene
1349 1204 1467 1241 multo

152 1265 323 1315 pluribus
350 1265 440 1304 locis
467 1266 546 1304 sine
573 1266 730 1304 articulo
757 1278 871 1315 quam
903 1279 987 1305 cum
1020 1266 1178 1304 articulo
1212 1265 1310 1316 poni,
1344 1268 1381 1303 et
1414 1264 1468 1302 ita

153 1325 315 1374 quidem,
347 1330 389 1363 ut
420 1326 500 1364 fere
526 1326 696 1376 quintum
724 1326 899 1377 quodque
930 1339 1067 1364 nomen
1094 1326 1284 1376 proprium
1312 1325 1467 1362 articulo

152 1386 376 1424 instructum
410 1385 478 1424 sit“
496 1385 534 1434 ¹).
584 1385 628 1424 In
662 1386 830 1425 oratione
864 1399 954 1425 uero
988 1386 1171 1425 aduersus
1203 1385 1467 1425 Phormionem

153 1446 291 1496 scripta
334 1447 451 1484 ternis
488 1447 567 1484 sine
615 1448 773 1486 articulo
821 1448 951 1497 positis
994 1448 1083 1486 bina
1126 1447 1279 1485 nomina
1318 1446 1468 1497 propria

151 1506 379 1556 respondent
414 1507 571 1545 articulo
604 1507 804 1555 instructa3
838 1511 1037 1545 occurrunt
1079 1507 1179 1546 enim
1219 1510 1397 1556 quattuor
1431 1510 1469 1544 et

151 1567 427 1618 quinquaginta
453 1567 604 1606 nomina
630 1568 781 1619 propria
804 1568 883 1606 sine
907 1568 1065 1607 articulo
1089 1572 1126 1607 et
1149 1568 1305 1618 triginta
1323 1570 1467 1618 septem

151 1639 237 1666 cum
264 1627 421 1665 articulo
448 1628 580 1676 posita.

250 1686 531 1725 Animaduertit
548 1700 658 1737 porro
672 1682 891 1738 Wagnerus
904 1687 932 1736 2)
957 1688 1185 1726 infinitiuum
1203 1701 1288 1726 cum
1311 1687 1468 1725 articulo

151 1747 389 1785 coniunctum
421 1760 444 1785 a
475 1747 730 1786 Demosthene
765 1749 920 1798 egregia
954 1752 1035 1787 arte
1070 1753 1106 1787 et
1139 1753 1218 1786 tam
1252 1748 1469 1797 frequenter

151 1807 377 1846 substantiui
417 1812 483 1847 aut
522 1809 705 1860 enuntiati
742 1809 824 1848 loco
863 1814 1101 1860 usurpatum'
1130 1822 1225 1857 esse,
1268 1813 1311 1847 ut
1352 1808 1467 1846 ternis

151 1867 298 1906 circiter
330 1861 579 1921 paragraphis
612 1870 750 1919 singuli
781 1870 955 1908 infinitiui
982 1870 1139 1908 articulo
1166 1869 1338 1908 instructi
1364 1870 1468 1907 attri-

150 1928 290 1966 buendi
321 1930 404 1967 sint.
455 1930 499 1968 In
532 1930 701 1968 oratione
733 1935 860 1969 autem
887 1930 1095 1969 XXXIIII.
1125 1944 1262 1969 nouem
1293 1930 1466 1968 infinitiui

150 1988 261 2026 huius
288 1989 435 2036 generis
462 1990 710 2040 reperiuntur,
738 1991 784 2027 cf.
810 1989 863 2037 ἓξ.
891 1992 913 2028 2
940 1991 1009 2038 bis,
1044 1992 1102 2037 21,
1134 1992 1193 2038 31,
1223 1991 1283 2038 33,
1316 1992 1375 2037 35,
1407 1991 1466 2037 42,

150 2049 198 2085 46
232 2048 301 2097 bis,
335 2049 372 2087 h.
406 2062 437 2087 e.
476 2050 514 2087 in
554 2050 653 2088 senis
692 2050 944 2102 paragraphis
983 2051 1129 2098 singuli.
1186 2050 1304 2088 Vides
1341 2050 1465 2097 igitur,

149 2114 333 2160 quantum
355 2110 524 2149 discedat
547 2111 642 2150 haec
660 2111 778 2149 oratio
797 2125 820 2149 a
837 2111 1104 2150 Demosthenis
1122 2111 1399 2150 consuetudine.
1416 2134 1465 2138 —

148 2170 354 2209 Praeterea
388 2176 514 2210 monet
548 2172 692 2210 Stixius
705 2172 745 2221 3),
780 2172 962 2211 aduersus
996 2186 1106 2211 usum
1132 2172 1464 2211 Demosthenicum

250 2261 275 2299 ¹)
304 2262 343 2293 cf.
367 2262 467 2302 Siggii
495 2263 569 2293 diss.
599 2263 619 2294 1.
648 2272 723 2303 pag.
750 2262 812 2295 430
840 2274 909 2303 prx.
941 2266 973 2295 et
1004 2264 1038 2294 E.
1061 2265 1098 2294 R.
1121 2263 1261 2294 Schulzii
1291 2263 1363 2294 diss.
1392 2273 1422 2302 q.
1444 2263 1463 2293 i.

151 2312 420 2350 „prolegomenon
449 2313 481 2342 in
503 2313 729 2343 Demosthenis
758 2324 842 2352 quae
871 2314 971 2344 fertur
997 2314 1174 2344 orationem
1202 2313 1354 2343 aduersus
1376 2315 1464 2350 Apa-

147 2361 266 2391 turium
288 2362 397 2400 capita
418 2360 499 2391 duo“
522 2362 666 2401 (Lipsiae
688 2361 780 2400 1878)
801 2372 875 2402 pag.
896 2361 935 2393 48
955 2373 1025 2402 prx.

248 2409 274 2449 2)
296 2412 336 2442 cf.
363 2411 392 2443 d.
415 2421 445 2451 q.
468 2412 488 2443 i.
517 2412 575 2447 „de
605 2412 764 2443 infinitiuo
793 2414 879 2452 apud
912 2416 1057 2444 oratores
1078 2413 1202 2443 Atticos
1233 2422 1304 2442 cum
1327 2412 1463 2442 articulo

147 2460 336 2492 coniuncto“
360 2461 483 2500 (Progr.
505 2462 620 2501 Gymn.
642 2462 794 2494 Frideric.
825 2463 986 2494 Schwerin
1009 2462 1098 2500 1885)
1121 2471 1194 2501 pag.
1215 2461 1234 2492 2
1255 2472 1324 2501 prx.

247 2510 274 2549 ³)
297 2512 336 2542 cf.
358 2512 389 2543 d.
411 2523 441 2552 q.
462 2512 482 2542 i.
509 2513 605 2549 „Zum
621 2512 791 2544 Gebrauch
814 2514 869 2544 des
889 2507 1032 2546 Infinitiv
1053 2513 1109 2543 mit
1125 2513 1252 2545 Artikel
1273 2513 1324 2543 bei
1346 2513 1465 2543 Demo-

148 2560 294 2593 sthenes“
318 2561 481 2595 (Rottweil
505 2561 581 2594 1881
604 2561 730 2602 Progr.)
751 2572 826 2603 pag.
847 2562 895 2595 11.
