1783 2980
725 185 975 221 -211—

188 297 393 337 enuntiatis
439 295 593 332 minime
640 298 862 344 congruunt.
921 294 1111 332 Praebent
1158 299 1286 332 autem
1333 295 1516 333 eiusmodi

187 361 286 398 locos
321 370 391 395 orr.
417 355 565 394 XVIII.
598 357 621 394 6
656 355 748 399 ἀξιῶ
786 355 851 391 καὶ
878 354 1014 403 δέομαι
1047 355 1208 393 πάντων
1246 358 1384 405 ὁμοίως
1416 360 1514 406 ὑμῶν

186 418 355 454 ἀκοῦσαί
382 431 454 465 μου
477 415 563 466 περὶ
580 420 657 452 τῶν
681 414 993 466 κατηγορημένων
1011 416 1328 464 ἀπολογουμένου
1349 417 1515 461 δικαίως,

185 477 352 517 XVIIII.
390 479 479 514 1...
515 476 701 523 δεήσομαι
740 474 780 511 δὲ
817 475 979 513 πάντων
1017 478 1130 524 ὑμῶν,
1177 472 1203 511 οἳ
1241 478 1306 512 καὶ
1344 485 1427 521 τοῖς
1469 478 1514 526 μὴ

186 540 353 583 δεηθεῖσι
387 536 537 573 δίκαιόν
574 537 680 572 ἐστιν
713 534 913 586 ὑπάρχειν,
949 536 1031 571 κτλ.
1067 534 1175 573 XXI.
1209 537 1229 573 7
1273 537 1411 584 δέομαι
1444 538 1514 576 οὖν

184 601 284 648 ὑμῶν
316 597 519 640 ἁπάντων,
547 595 574 633 ὦ
602 592 640 632 ἅ.
668 596 754 639 δικ,
781 595 845 631 καὶ
879 596 1031 632 ἱκετεύω
1141 598 1310 642 εὐνοϊκῶς
1345 598 1514 635 ἀκοῦσαί

185 673 257 707 μου
291 657 483 708 λέγοντος,
521 655 668 694 XXIII.
708 657 752 693 19
787 653 812 692 οἳ
848 655 892 699 δὴ
927 655 1063 704 δέομαί
1096 671 1138 693 τε
1174 657 1240 692 καὶ
1279 657 1371 701 ἀξιῶ
1402 660 1513 708 παρὰ

185 718 346 756 πάντων
371 719 475 765 ὑμῶν
505 723 648 766 τυχεῖν,
683 715 828 761 δίκαια,
862 716 1028 754 XXVII.
1062 718 1085 754 3
1112 715 1250 765 δέομαι
1278 718 1312 754 δ’
1337 720 1451 764 ὑμῶν,
1485 717 1514 754 (5

185 777 223 815 ἄ.
259 779 343 822 δικ.,
378 779 458 826 μετ’
486 776 638 821 εὐνοίας
672 775 715 812 τέ
743 791 815 824 μου
852 777 1020 813 ἀκοῦσαι
1054 777 1120 813 καὶ
1146 804 1197 821 ..,
1226 775 1462 826 [XXVIIH.]
1490 780 1513 815 4

184 840 321 886 δέομαι
344 838 379 874 δ’
396 841 510 885 ὑμῶν,
534 835 561 873 ὦ
580 835 619 874 ἄ.
641 837 727 881 δικ.,
754 838 913 874 δικαίαν
938 836 1078 882 δέησιν,
1098 838 1135 881 ἐξ
1153 836 1241 874 ἰ’σου
1268 840 1365 886 ἡμῶν
1387 839 1514 886 ἀμφο-

183 898 299 949 τέρων
326 900 508 940 ἀκοῦσαι,
544 895 741 945 [XXXII]
778 898 801 934 3
842 896 976 945 δέομαι
1011 898 1045 932 δ’
1076 899 1174 942 ὑμῶν
1209 897 1382 942 πάντων,
1416 897 1443 934 ὦ
1475 897 1513 934 ὀί.

184 959 242 994 δικ
257 985 268 1002 ,
292 988 299 995 .
315 988 322 995 .
338 987 345 995 .
373 965 577 1008 προςσχεῖν
602 956 690 1003 (τὸν
716 956 834 1005 νοῦν),
854 955 1070 1006 [XXXIII]
1102 958 1146 995 16
1173 957 1309 1007 δέομαι
1336 958 1376 995 δὲ
1398 962 1512 1007 ὑμῶν,

182 1016 260 1055 ὦόί.
289 1019 377 1063 δικ.,
403 1018 457 1055 τὰ
484 1018 583 1066 μετὰ
609 1023 743 1054 ταῦτα
769 1017 983 1069 πραχθέντ’
1009 1019 1178 1055 ἀκοῦσαί
1203 1033 1289 1064 μου,
1316 1017 1511 1067 [XXXV]

184 1081 206 1118 5
233 1079 303 1128 ἐγὼ
331 1079 364 1115 δ’
386 1082 486 1128 ὑμῶν
518 1078 664 1126 δέομαι,
691 1078 720 1116 03
746 1077 783 1114 ἄ.
813 1080 898 1123 δικ.,
926 1080 1094 1123 εὐνοϊκῶς
1126 1080 1295 1116 ἀκοῦσαί
1322 1095 1396 1129 μου
1428 1083 1512 1131 περὶ

182 1147 256 1176 τοῦ
282 1140 512 1190 πράγματος
538 1140 714 1183 τουτουί,
733 1139 938 1177 XXXVII.
957 1141 979 1176 3
1007 1141 1195 1187 δεήσομαι
1222 1139 1263 1176 δὲ
1283 1141 1347 1176 καὶ
1374 1141 1511 1193 μέτρια

183 1201 249 1237 καὶ
274 1200 408 1235 δίκαια
434 1201 537 1247 ’ὑμῶν
567 1198 769 1244 ἁπάντων,
797 1200 967 1236 ἀκοῦσαί
993 1199 1035 1236 τέ
1068 1214 1141 1245 μου
1161 1228 1168 1235 .
1187 1217 1194 1235 ;
1210 1228 1217 1236 .
1246 1202 1420 1245 εὐνοϊκῶς
1446 1202 1511 1237 καὶ

184 1288 254 1304 ...‚
282 1258 506 1297 XXXVIII.
534 1260 556 1296 2
591 1259 777 1307 δεήσομαι
804 1259 844 1296 δὲ
877 1261 942 1295 καὶ
968 1259 1102 1296 δίκαια
1138 1260 1203 1295 καὶ
1243 1260 1381 1310 μέτρια
1415 1262 1512 1310 ὑμῶν

183 1320 371 1357 ἁπάντων
399 1350 407 1357 .
425 1348 430 1354 .
449 1349 456 1356 .
485 1321 655 1364 εὐνοϊκῶς
683 1321 851 1356 ἀκοῦσαί
883 1334 954 1366 μου
981 1319 1173 1370 λέγοντος,
1199 1319 1262 1367 (cf.
1282 1319 1314 1367 ξ.
1332 1322 1381 1358 28
1409 1323 1511 1369 ἡμεῖς

182 1383 281 1429 ὑμῶν
320 1379 522 1424 ἁπάντων,
552 1379 582 1417 ὦ
615 1377 651 1416 ἅ.
688 1381 773 1424 δικ.,
809 1378 973 1427 δεόμεθα
994 1378 1079 1427 ...),
1103 1378 1299 1429 [ΧΧΧΧ.]
1327 1382 1351 1418 4
1377 1382 1511 1429 δέομαι

184 1441 253 1479 οὖν
279 1440 469 1478 ἁπάντων
495 1443 608 1489 ὑμῶν,
641 1440 668 1477 ὦ
695 1438 731 1476 ἄ.
760 1441 848 1484 δικ.,
876 1442 957 1488 μετ’
985 1440 1133 1485 εὐνοίας
1167 1442 1211 1476 τέ
1240 1457 1315 1489 μου
1344 1442 1511 1478 ἀκοῦσαι

183 1500 304 1545 οὕτως
345 1499 447 1544 ὅπως
486 1499 537 1537 ἄν
576 1501 749 1549 δύνωμαι
787 1499 964 1549 λέγοντος
1004 1501 1069 1537 καὶ
1106 1528 1169 1545 ..,
1211 1500 1447 1550 [ΧΧΧΧΠ]
1487 1505 1510 1539 4

183 1560 321 1608 δέομαι
355 1560 426 1597 οὖν
463 1563 564 1607 ’ὑμῶν
603 1560 804 1603 ἁπάντων,
839 1559 866 1596 ὦ
901 1557 940 1595 α”.
977 1562 1063 1604 δικ.,
1100 1589 1108 1597 .
1134 1590 1140 1596 .
1165 1590 1172 1596 .
1210 1562 1401 1609 βοηθῆσαί,
1435 1577 1510 1610 μοι,

185 1620 439 1669 [ΧΧΧΧῙΠ]
485 1622 508 1657 2
554 1620 722 1669 δεόμεθα
768 1620 837 1657 οὖν
884 1622 994 1668 ὑμῶν,
1036 1619 1064 1657 ὦ
1116 1618 1154 1657 ἄ.
1206 1622 1294 1665 δικ.,
1339 1623 1510 1667 εὐνοϊκῶς

183 1682 463 1733 ἀκροάσασθαι
488 1687 560 1719 τῶν
587 1680 805 1730 λεγομένων,
831 1679 1107 1729 [XXXXIIII]
1128 1683 1150 1719 3
1178 1681 1314 1729 δέομαι
1341 1683 1375 1719 δ’
1398 1684 1510 1731 ὑμῶν,

183 1741 210 1778 ὦ
246 1740 283 1777 ἄ.
321 1742 405 1786 δικ.,
442 1743 632 1789 βοηθῆσαι
666 1746 721 1790 τῷ
752 1755 795 1776 τε
832 1742 953 1792 πατρὶ
986 1742 1051 1777 καὶ
1087 1743 1180 1788 ἐμοί,
1217 1741 1451 1791 [XXXXV]
1491 1746 1506 1780 1

183 1800 317 1850 δέομαι
344 1801 384 1837 δὲ
411 1801 572 1839 πάντων
598 1804 696 1850 ’ὑμῶν
726 1801 792 1838 καὶ
819 1801 969 1837 ἱκετεύω
997 1803 1060 1837 καὶ
1088 1803 1280 1849 ἀντιβολῶ
1306 1832 1314 1839 .
1333 1832 1363 1838 ..
1393 1804 1511 1840 εὐνοϊ-

183 1868 248 1906 κῶς
275 1862 444 1898 ἀκοῦσαί
470 1877 556 1911 μου,
582 1860 857 1909 [XXXXVII]
886 1862 908 1898 3
937 1861 1081 1916 δέομαι.
1098 1862 1137 1898 δὲ
1163 1864 1266 1910 ὑμῶν
1297 1863 1399 1910 κάγὼ
1427 1866 1510 1910 μετ’

183 1921 329 1966 εὐνοίας
372 1936 444 1968 μου
487 1921 764 1972 ἀκροάσασθαι
803 1922 890 1973 περὶ
926 1925 1002 1957 τοῦ
1040 1921 1273 1972 πράγματος
1314 1923 1351 1967 ἐξ
1393 1923 1510 1974 ἀρχῆς

183 1978 362 2026 ἅπαντα,
390 1979 685 2030 [XXXXVIII.]
709 1982 731 2019 3
759 1981 894 2029 δέομαι
920 1980 990 2019 οὖν
1015 1983 1130 2029 ὑμῶν,
1164 1981 1191 2018 ὦ
1213 1980 1252 2018 ἄ.
1282 1982 1368 2026 δικ.,
1396 1982 1511 2018 ἀκού-

182 2056 332 2087 σαντας
360 2041 591 2093 ἀμφοτέρων
617 2044 715 2091 ἡμῶν
736 2071 742 2078 .
760 2071 766 2078 .
783 2072 791 2080 .
825 2040 1070 2089 ἀποπέμψαι,
1090 2040 1202 2090 [LII.]
1225 2043 1248 2079 2
1276 2042 1412 2091 δέομαι
1442 2042 1510 2080 οὖν

182 2105 283 2149 ὑμῶν
315 2132 322 2139 .
363 2131 392 2139 ..
430 2101 532 2139 οὕτω
568 2103 633 2139 καὶ
665 2107 735 2140 νῦν
769 2104 984 2152 διαγνῶναι,
1022 2101 1144 2140 LIIII.
1177 2104 1200 2139 2
1235 2104 1327 2147 ἀξιῶ
1366 2104 1409 2146 δὴ
1445 2105 1509 2140 καὶ

183 2161 318 2208 δέομαι
350 2163 510 2199 πάντων
546 2163 679 2212 ὁμοίως
713 2165 814 2209 ὑμῶν
842 2190 874 2199 ..
908 2164 1080 2205 εὐνοϊκῶς
1121 2162 1292 2199 ἀκοῦσαί
1325 2177 1398 2209 μου
1425 2164 1512 2214 περὶ

180 2221 226 2260 ὧν
253 2224 438 2260 πέπονθα
465 2223 656 2272 λέγοντος,
690 2222 771 2260 LV.
794 2224 816 2259 2
843 2223 982 2269 δέομαι
1009 2222 1053 2265 δὴ
1080 2221 1242 2259 πάντων
1268 2226 1371 2271 ὑμῶν
1399 2224 1511 2259 ἀκοῦ-

184 2285 254 2318 σαί,
282 2297 367 2330 μου,
404 2281 533 2329 [LVI]
570 2283 593 2319 4
619 2285 717 2329 ὑμῶν
758 2283 839 2326 οὖν,
875 2282 902 2318 ὦ
937 2279 977 2318 α”.
1010 2284 1108 2325 Ἀθη,
1147 2282 1282 2327 ὁμοίως
1312 2283 1511 2323 ,ἁπάντων

184 2340 353 2390 δεόμεθα
387 2342 452 2378 καὶ
487 2343 703 2389 ἱκετεύομεν
737 2343 925 2391 βοηθῆσαι
963 2343 1062 2390 ἡμῖν,
1097 2340 1218 2378 LVII.
1255 2342 1272 2378 1
1308 2341 1442 2391 δέομαι
1477 2343 1510 2378 δ’

184 2402 373 2439 ἁπάντων
412 2405 524 2450 ὑμῶν,
570 2401 597 2438 ὦ
638 2399 675 2438 ἄ.
711 2403 797 2445 δικ,
836 2402 900 2437 καὶ
938 2402 1089 2438 ἱκετεύω
1129 2403 1195 2438 καὶ
1231 2402 1449 2449 ἀντιβολῶ.
1473 2429 1480 2436 .
1502 2430 1510 2438 .

184 2462 352 2498 ἀκοῦσαι
379 2462 446 2498 καὶ
471 2463 565 2509 ἐμοῦ
593 2467 733 2513 σιωπῇ,
757 2459 929 2510 [LVIII.]
949 2463 971 2499 3
999 2460 1133 2509 δέομαι
1160 2459 1230 2498 οὖν
1251 2463 1352 2507 ὑμῶν
1385 2461 1512 2500 ἁπάν-

182 2536 274 2567 των,
302 2520 330 2559 03
356 2520 394 2559 ἄ.
422 2522 522 2567 Ἀθ,
550 2522 616 2559 καὶ
642 2522 791 2560 ἱκετεύω
819 2525 902 2571 μετ’
930 2522 1076 2567 εὐνοίας
1108 2522 1278 2559 ἀκοῦσαί,
1305 2537 1389 2572 μου.
