1783 2980
735 192 883 229 „27
935 214 986 217 --

200 301 220 340 ὅ
239 317 280 339 τι
302 302 459 346 κελεύεις
493 301 743 352 Oomparetur
769 302 882 340 etiam
900 315 951 341 or.
972 302 1119 347 XVIII.
1136 305 1211 341 322
1237 304 1328 348 τοὺς
1352 303 1523 354 καταρά·

197 377 287 407 τους
313 361 480 406 τούτους
507 358 656 411 ὥςπερ
683 362 795 413 θηρία
824 377 889 410 μοι
915 364 1247 414 προςβαλλόντων.

248 453 251 456 ⁴
297 417 426 471 Atque
451 420 547 459 haec
578 420 729 471 quidem
759 421 807 460 de
838 422 964 460 uerbis
997 423 1177 462 orationis
1202 423 1410 463 ΧΧΧΙΠΙ.
1436 436 1521 462 uer-

197 482 406 531 borumque
440 481 647 529 structuris,
683 494 780 532 quae
815 494 838 519 a
870 482 1127 521 Demosthene
1162 488 1228 521 aut
1263 497 1419 534 perraro
1454 489 1521 522 aut

180 540 347 592 ‘omnino
386 537 470 578 non*
502 544 589 578 sunt
629 540 817 589 adhibita3
860 545 1095 580 transeamus
1133 557 1233 582 nunc
1271 544 1321 582 ad
1360 545 1519 583 alteram

196 604 343 652 partem
369 613 511 650 eorum,
538 612 637 651 quae
662 601 710 640 de
736 602 946 642 elocutione
972 607 1060 642 sunt
1085 603 1255 655 dicenda,
1283 609 1321 644 et

534 706 588 745 de
622 712 794 746 ornatu
828 712 973 760 atque
1000 709 1177 760 figuris

194 783 422 820 disseramus
436 781 473 828 1).

293 841 351 880 Ac
385 842 547 892 primum
582 843 621 880 in
652 844 820 882 oratione
851 843 1058 883 XXXIIH.
1091 857 1231 895 magna
1262 845 1515 883 uerborum

193 907 250 941 est
275 902 459 954 inopia3
492 904 755 943 molestissime
791 905 891 943 enim
923 905 963 943 in
994 917 1039 943 ea
1071 905 1193 956 repeti
1221 905 1394 944 uidemus
1420 906 1515 945 haec

191 963 311 1001 uerba
337 966 375 1000 et
400 963 626 1002 locutiones:

292 1021 346 1071 ἓξ.
372 1024 395 1060 5
433 1024 535 1073 φασὶ
562 1025 593 1060 δ’
621 1025 923 1062 ἀποδεδωκέναι·
940 1027 987 1062 τὸ
1014 1026 1173 1076 χρυσίον
1190 1029 1297 1071 -ὡς
1323 1028 1392 1063 οὐκ
1419 1028 1514 1063 ἀπο-

186 1084 411 1121 ’δέδωκεν-
426 1084 660 1129 ἀποδοῦναι,
682 1086 705 1122 9
734 1086 753 1120 ὁ
780 1089 850 1122 νῦν
876 1085 1036 1134 φάσκων
1064 1084 1348 1123 ἀποδεδωκέναι
1372 1087 1420 1123 τὸ
1439 1102 1511 1138 χρ.,

195 1145 236 1181 11
268 1143 295 1194 ᾧ
316 1150 436 1192 φησιν
455 1143 740 1182 ἀποδεδωκέναι
766 1145 813 1180 τὸ
832 1160 902 1195 >CO-⁵
923 1145 969 1182 12
997 1144 1180 1193 ὡμολόγει
1208 1146 1440 1191 ἀποδώσειν,
1468 1147 1513 1184 13

191 1205 271 1240 οὐδ’
291 1202 508 1240 ἀποδίδωσι
532 1205 580 1240 τὸ
599 1203 764 1247 δάνειον,
795 1206 841 1242 14
860 1204 1078 1241 ἀποδέδωκε
1106 1204 1152 1240 τὸ
1174 1220 1232 1255 χρ.
1253 1225 1304 1230 -
1325 1219 1512 1256 παρεστη-

189 1257 301 1307 κότος
319 1273 394 1301 τοῦ
415 1263 472 1306 Λ.,
494 1263 521 1312 ᾧ
535 1269 604 1301 νῦν
622 1270 741 1312 φησιν
760 1265 1044 1301 ἀποδεδωκέναι
1060 1264 1108 1301 τὸ
1122 1280 1196 1316 χρ.,
1217 1266 1264 1302 15
1284 1266 1512 1302 ἀποδέδωκα

188 1324 260 1374 γὰρ
294 1327 425 1375 τούτῳ
457 1334 511 1376 τῷ
539 1324 798 1376 παρεστηκότι
824 1324 871 1361 τὸ
898 1340 968 1375 xp„
999 1326 1044 1363 16
1078 1325 1226 1362 οὐδέπω
1258 1324 1344 1362 τότ’
1371 1323 1513 1375 ἔφησεν

190 1384 470 1422 ἀποδεδωκέναι
483 1387 530 1422 τὸ
545 1401 613 1437 χο,
632 1386 676 1422 17
694 1387 739 1430 ὥς
754 1385 1024 1422 ἀποδεδώκασι
1037 1386 1084 1422 τὸ
1097 1401 1153 1436 χρ.
1164 1406 1214 1411 ——
1228 1388 1274 1431 ὡς
1293 1385 1512 1423 ἀποδέδωκε

188 1445 235 1481 τὸ
263 1461 320 1496 χρ.
337 1445 485 1481 -οῧτ’
513 1445 686 1482 ἀπέδωκε
719 1445 767 1482 τὸ
795 1461 868 1496 χρ,
895 1446 943 1483 22
971 1446 1189 1483 ἀποδώσειν
1214 1449 1262 1483 τὸ
1289 1461 1362 1497 χρ.,
1390 1447 1438 1484 23
1464 1448 1510 1483 Φ.

189 1504 228 1540 δέ
255 1512 375 1554 φησιν
401 1506 634 1550 ἀποδοῦναι,
662 1504 711 1542 24
730 1504 807 1542 ὅσα
834 1507 927 1554 φησὶ
954 1506 1118 1557 χρήματ’
1138 1506 1436 1550 ἀποδεδωκέναι,
1464 1508 1512 1544 25

188 1562 232 1609 ἅς
260 1571 380 1613 φησιν
415 1564 697 1603 ἀποδεδωκέναι
719 1586 763 1591 -
787 1566 1009 1603 ἀποδοῦναι
1024 1587 1072 1591 —
1088 1565 1269 1611 ἀπέδωκε,
1297 1567 1345 1604 26
1374 1567 1511 1604 ἀποδέ-

187 1626 307 1670 δωκας
323 1648 370 1653 —
386 1626 602 1671 ἀπεδίδους,
622 1627 670 1664 29
689 1632 860 1664 τοσοῦτο
879 1641 937 1678 χρ.
953 1625 1213 1671 ἀποδιδόντα,
1231 1627 1281 1665 30
1299 1627 1511 1663 ἀποδιδῶσι

188 1707 234 1711 —
251 1685 497 1730 ἀποδιδόντι,
524 1688 568 1725 31
601 1686 1097 1731 ἀπεδίδους-ἀποδιδούς
1111 1709 1161 1714 —-
1176 1685 1205 1736 ᾦ
1231 1687 1277 1724 τὸ
1303 1703 1362 1738 χρ.
1382 1688 1511 1724 ἀπεδί-

187 1747 286 1790 δους,
315 1747 364 1784 32
398 1747 619 1784 ἀποδοῦναι
650 1747 698 1783 τὸ
730 1747 946 1798 χέῃ-φῂς
981 1747 1118 1785 δοῦναι
1151 1750 1198 1784 τὸ
1232 1762 1304 1799 χρ.,
1331 1748 1379 1785 33
1414 1748 1510 1783 ἀπο-

185 1806 323 1842 δοῦναι
349 1807 401 1842 τὰ
421 1807 663 1856 χρήματα-
678 1807 724 1843 τὸ
752 1822 809 1857 χρ.
831 1807 1064 1850 ἀποδοῦναι,
1091 1808 1140 1844 34
1159 1807 1224 1844 καί
1242 1815 1359 1855 φησιν
1385 1808 1509 1857 ἐκείνῳ

184 1866 230 1913 τιὸ
253 1881 311 1917 χρ.
332 1865 629 1911 ἀποδεδωκέναι,
649 1868 694 1904 41
716 1866 929 1916 τριάκοντα
948 1872 1037 1915 μνᾶς
1064 1869 1131 1903 καὶ
1155 1866 1262 1904 ἐννέα
1288 1868 1508 1904 ἀποδοῦναι

185 1947 233 1951 -
254 1924 320 1962 ὅτε
347 1925 568 1963 ἀποδοῦναι’
601 1935 697 1975 φησι
730 1928 777 1963 τὸ
813 1941 886 1977 χρὴ,
914 1927 962 1964 46
996 1932 1070 1963 τοῦ
1098 1928 1131 1962 δ’
1161 1928 1509 1965 ἀποδεδωκέναι-

184 1986 254 2031 τὴν
290 1986 495 2030 ἀπόδοσιν,
523 1987 570 2024 47
606 1987 830 2035 φάσκοντος
865 1987 898 2023 δ’
927 1987 1288 2032 ἀποδεδωκέναι,-
1314 1987 1360 2025 cf.
1394 1987 1507 2025 etiam

184 2046 237 2095 ἓξ.
264 2048 287 2085 8
314 2047 385 2092 τὰς
405 2048 615 2091 ἐπιστολὰς
643 2049 710 2084 οὐκ
738 2048 992 2092 ἀποδίδωσιν,
1013 2048 1061 2085 28
1081 2048 1169 2084 οὐδὲ
1195 2048 1268 2093 ,τὰς
1295 2048 1506 2092 ἐπιστολὰς

184 2107 381 2151 ἀπέδωκας
410 2109 557 2151 αὐτοῖς,
586 2108 633 2145 29
653 2105 763 2151 ὅστις
791 2107 1007 2159 γράμματα
1033 2108 1160 2156 λαβὼν
1178 2109 1225 2156 μὴ
1254 2108 1505 2153 ἀποδέδωκεν,

183 2167 232 2204 32
258 2168 331 2211 τὰς
358 2168 570 2213 ἐπιστολὰς
598 2169 852 2205 ἀποδοῦναι.·

283 2226 336 2274 ἓξ.
364 2229 386 2265 6
408 2228 628 2272 κελευούσης
647 2228 687 2264 δὲ
703 2233 769 2272 τῆς
789 2234 1015 2279 συγγραφῆς
1043 2228 1227 2265 ἐνθέσθαι
1245 2230 1295 2272 εἰς
1312 2231 1383 2272 τὴν
1409 2234 1506 2266 ναῦν

183 2288 341 2338 φορτία,
369 2288 389 2324 7
418 2284 509 2324 οὔτε
535 2290 589 2323 τὰ
623 2288 784 2338 χρήματ’
812 2286 953 2325 ἐνέθετ’
982 2289 1032 2333 εἰς
1059 2303 1094 2324 τ.
1123 2303 1154 2325 ν.
1190 2287 1413 2332 κελευούσης
1439 2293 1505 2333 τῆς

283 2391 308 2429 ¹)
339 2393 380 2423 cf.
413 2394 452 2423 de
483 2393 544 2424 hac
574 2395 665 2433 parte
694 2393 925 2424 dissertationis
956 2404 1046 2424 meae
1074 2394 1109 2423 P.
1139 2393 1228 2437 Uhlii
1257 2394 1296 2423 de
1326 2394 1506 2424 orationum

181 2440 389 2473 Demostheni
430 2442 512 2473 falso
554 2443 755 2473 addictarum
800 2443 1007 2483 scriptoribus
1049 2443 1271 2483 quaestionum
1313 2443 1506 2483 particulam

180 2491 326 2531 alteram,
340 2493 373 2523 in
389 2503 453 2533 qua
467 2493 575 2534 agitur
589 2493 628 2524 de
643 2493 823 2524 orationum
839 2493 997 2524 XXXIII.
1008 2492 1183 2525 XXXIIH.
1198 2493 1283 2525 LVI.
1299 2494 1506 2534 scriptoribus

180 2539 322 2581 (Lipsiae
344 2540 447 2582 1886),
468 2553 542 2584 pag.
563 2542 583 2574 9
604 2554 698 2584 prxx.
748 2539 751 2542 ’
