1783 2980
687 209 835 245 *29
887 229 935 233 ,-

252 316 306 366 ἓξ.
333 318 381 355 28
399 317 566 362 πολλοὺς
584 318 866 369 παρίστανται,
885 319 934 356 30
952 318 1065 354 πολλ.
1084 317 1243 369 παρίστ.
1265 315 1471 367 μάρτυρας.

252 376 307 426 ἓξ.
332 379 381 415 28
408 378 460 414 ἐνὶ
486 378 649 421 σκήπτει
676 377 852 429 μάρτυρι,
874 379 920 416 47
949 377 977 428 ᾦ
1003 378 1218 421 σκήπτεται
1245 376 1420 427 μάρτυρι.

253 437 307 486 ἐξ.
339 439 387 476 35
429 438 519 489 πρὶν
557 437 635 474 ὑπὸ
679 439 827 474 τούτου
867 440 1146 488 διαφθαρῆναι,
1184 439 1228 475 41
1271 438 1361 488 πρὶν
1393 436 1470 472 ὑπὸ

153 501 301 534 τούτου
328 499 610 548 διαφθαρῆναι,
637 498 685 534 48
712 498 838 541 ἐπειδὴ
866 497 1064 548 διεφθάρη.

252 556 308 606 ἐξ.
334 559 381 595 47
418 563 495 601 πῶς
530 558 564 593 δ’
596 558 664 593 οὐκ
699 555 748 593 ἄν
783 558 846 601 εἴη.
869 554 1036 601 ἄτοπον,
1072 559 1103 593 εἰ
1123 585 1129 592 .
1152 573 1179 600 ,ς
1215 559 1262 595 49
1301 559 1369 593 οὐκ
1402 555 1470 593 οὖν

152 615 322 661 ἄτοπον,
349 618 379 652 εἰ
398 646 404 652 .
424 632 452 659 .;

252 675 429 724 Agedum
447 688 547 713 nunc
565 688 804 726 quaeramuS‚
821 676 860 714 in
878 677 1149 714 exornandis
1175 680 1290 726 atque
1312 677 1470 728 ampli-

152 735 366 775 ficandis
392 740 430 775 et
457 736 719 775 sententiis
745 739 783 774 et
809 736 964 784 singulis
986 737 1137 775 uerbis
1163 737 1274 775 huius
1293 736 1470 775 orationis

152 797 311 849 scriptor
337 810 413 848 qua
439 810 528 835 usus
555 796 604 834 sit
629 796 784 835 ratione.

251 857 378 896 Primo
404 857 519 906 igitur
544 857 627 896 loco
653 879 700 884 -
728 861 770 895 ut
796 857 1097 909 amplificationis
1128 869 1309 907 generum
1335 870 1471 908 sequar

151 918 429 957 distinctionem
463 918 511 955 ab
539 918 655 956 Uhlio
669 917 697 964 ¹)
730 918 961 968 propositam
988 940 1036 945 —-
1064 918 1241 967 exempla
1271 930 1470 967 congeram

150 978 232 1017 eius
257 978 419 1028 generis,
447 977 547 1027 quod
573 977 746 1026 efficitur,
773 989 859 1015 cum
885 989 964 1026 „ea,
981 989 1078 1027 quae
1096 977 1275 1027 negatiue
1292 989 1471 1028 expressa

152 1042 251 1088 sunt,
287 1038 515 1077 affirmatiue
550 1037 756 1077 iterantur“
785 1037 935 1088 (σχῆμα
969 1041 1055 1074 κατ’
1084 1037 1195 1089 ἄρσιν
1230 1039 1295 1074 καὶ
1328 1037 1469 1086 θέσιν);

151 1098 206 1148 ἓξ.
235 1101 280 1137 12
306 1099 370 1136 καὶ
396 1098 514 1144 οὗτος
541 1099 645 1135 κατὰ
663 1099 728 1145 μὲν
756 1098 877 1150 ἀρχὰς
905 1099 1161 1143 οὐδεπώποτ’,
1189 1097 1215 1135 ὦ
1235 1096 1272 1135 ἄ.
1294 1099 1364 1142 Ἀ.,
1391 1098 1471 1135 εἶπε

152 1160 221 1198 τὸν
238 1149 356 1211 λόγον
372 1164 533 1203 τοῦτον,
553 1157 598 1196 ὃν
624 1159 707 1205 νυνὶ
726 1158 835 1207 λέγει,
854 1159 941 1195 ἀλλ’
961 1159 1020 1195 ἀεὶ
1039 1158 1221 1209 ὡμολόγει
1242 1159 1483 1203 ἀποδώσειν,·

151 1222 197 1259 31
228 1222 297 1257 οὐκ
325 1220 421 1268 ἐμοὶ,
440 1221 527 1257 ἀλλ’
555 1220 676 1271 ἑτέρῳ,
704 1221 752 1257 46
779 1224 853 1255 τοῦ
881 1219 914 1255 δ’
934 1219 1216 1257 ἀποδεδωκέναι
1242 1219 1362 1264 οὐδείς
1389 1219 1472 1255 ἐστι

152 1281 297 1331 μάρτυς
325 1278 396 1325 ἔξω
422 1286 495 1317 τοῦ
518 1279 722 1327 Λάμπιδος
741 1287 815 1317 τοῦ
838 1281 1150 1324 συναδικοῦντος
1175 1280 1240 1315 καὶ
1265 1279 1378 1324 οὗτος
1407 1279 1473 1328 μὲν

152 1343 200 1386 εἰς
230 1342 371 1379 ἐκεῖνον
406 1340 524 1390 μόνον
550 1342 734 1392 ἀναφέρει
766 1341 838 1382 τὴν
875 1339 1081 1385 ἀπόδοσιν,
1109 1341 1157 1377 48
1185 1342 1253 1381 οὐκ
1287 1342 1325 1376 ἐκ
1352 1354 1473 1391 παρα-

152 1406 295 1446 σκευῆς,
330 1401 416 1436 ἀλλ’
449 1401 488 1436 ἐκ
524 1406 591 1445 τῆς
628 1400 820 1445 ἀληθείας,
847 1401 895 1438 49
930 1401 1010 1437 οὐδ’
1047 1401 1164 1445 αὐτὸς
1199 1402 1219 1438 ὁ
1248 1402 1292 1437 Λ.
1320 1399 1473 1451 ἔξαρνος

152 1461 310 1509 ἐγένετο,
339 1462 384 1505 ὡς
404 1462 472 1497 οὐκ
498 1460 551 1504 εἴη
578 1460 735 1511 εἰρηκὼς,
757 1458 820 1497 ὅτι
846 1462 943 1505 κτλ.,
964 1462 1050 1496 ἀλλ’
1069 1462 1188 1498 εἰπεῖν
1215 1460 1409 1510 ὡμολόγει.
1425 1482 1475 1487 -

151 1520 300 1559 Deinde
327 1533 391 1559 eos
425 1520 585 1558 afferam
610 1520 723 1569 locos,
750 1519 887 1570 quibus
915 1533 995 1568 „ea‚
1023 1533 1121 1571 quae
1155 1520 1384 1558 affirmatiue
1410 1532 1474 1557 ex·

151 1593 282 1631 pressa
308 1585 406 1630 sunt,
433 1581 613 1631 negatiue
644 1580 909 1630 repetuntur“:
941 1579 995 1629 ἓξ.
1022 1583 1046 1618 4
1081 1583 1117 1617 οἱ
1143 1581 1255 1630 νόμοι
1274 1609 1282 1617 .
1304 1611 1310 1617 .
1331 1581 1476 1617 ἀπολο-

152 1643 308 1690 γεῖσθαι
340 1642 562 1678 κελεύουσιν
601 1641 828 1679 εὐθυδικίαν
862 1642 1040 1685 εἰςιόντα,
1075 1644 1120 1677 οὐ
1160 1648 1394 1692 κατηγορεῖν,
1429 1641 1475 1677 12

152 1697 276 1751 ἕτερος
303 1699 369 1745 ἤδη
397 1699 439 1744 ἦν
466 1700 531 1738 καὶ
559 1703 630 1751 οὐχ
658 1702 678 1737 ὁ
706 1700 838 1745 αὐτός,
865 1702 914 1739 33
936 1701 1205 1753 παραβεβηκὼς
1237 1703 1271 1738 δ’
1299 1701 1411 1745 εὐθὺς
1438 1701 1474 1744 ἐξ

152 1757 270 1811 ἀρχῆς
297 1761 362 1796 καὶ
390 1760 445 1797 τὰ
472 1762 657 1812 χρήματα
684 1762 752 1797 οὐκ
786 1761 996 1809 ἐνθέμενος,
1024 1762 1072 1799 52
1106 1764 1206 1810 ὑμᾶς
1234 1761 1273 1798 δὲ
1305 1763 1361 1798 δεῖ
1387 1775 1475 1798 συν·

151 1821 468 1873 επανορθοςῦντας
487 1821 705 1871 φαίνεσθαι
722 1821 787 1857 καὶ
807 1820 855 1870 μὴ
870 1827 1166 1873 συγχωροῦντας
1180 1829 1263 1865 τοῖς
1283 1828 1474 1872 πονηροῖς,

150 1879 240 1918 ibid.
266 1880 333 1918 ἐὰν
357 1882 656 1930 διαφυλάττητε
689 1881 780 1924 τοὺς
806 1881 861 1918 τὰ
888 1883 1030 1919 ἑαυτῶν
1056 1883 1303 1932 προϊεμένους
1337 1882 1402 1918 καὶ
1428 1881 1474 1929 μὴ

151 1940 376 1991 ἐπιτρέπητε
395 1942 624 1978 ἀδικεῖσθαι.
645 1963 694 1968 —
715 1939 757 1979 In
783 1940 895 1979 tertio
913 1942 1216 1993 amplificationis
1238 1954 1377 1992 genere
1402 1941 1475 1979 loci

126 2003 132 2009 '
151 2000 374 2039 numerandi
401 2004 487 2039 sunt
511 2000 550 2050 ii,
577 2000 713 2050 quibus
743 2013 823 2049 „ea,
843 2013 941 2050 quae
959 2001 1189 2040 affirmatiue
1207 2006 1274 2040 aut
1295 2002 1475 2051 negatiue

152 2072 332 2110 expressa
347 2065 443 2109 sunt,
458 2061 687 2099 affirmatiue
700 2061 816 2099 etiam
831 2065 898 2099 aut
911 2062 1092 2112 negatiue
1106 2061 1366 2114 repetuntur“.
1379 2061 1475 2100 Sunt

151 2124 279 2159 autem
305 2120 361 2160 hi:
387 2120 442 2170 ἓξ.
463 2122 508 2160 13
536 2121 648 2160 οὐδὲν
673 2129 775 2159 ποιεῖ
802 2128 876 2160 τῶν
903 2122 1059 2160 δικαίων
1082 2124 1259 2175 Φορμίων
1277 2122 1358 2160 οὐδ’
1379 2123 1474 2159 ἀπο-

151 2181 286 2218 δίδωσι
311 2182 360 2218 τὸ
387 2182 540 2220 δάνειον
567 2186 606 2220 et
628 2184 677 2220 20
703 2181 757 2218 τὰ
784 2183 902 2228 ψευδῆ
927 2187 1125 2233 μαρτυρῶν
1149 2183 1215 2219 καὶ
1233 2184 1393 2232 πονηρὸς
1411 2181 1472 2218 ὤν.

250 2242 456 2281 Praeterea
482 2242 556 2280 huc
573 2241 773 2281 referenda
795 2245 882 2280 sunt
907 2242 1049 2281 uerba
1076 2254 1175 2292 quae
1201 2243 1329 2282 uocari
1355 2243 1475 2281 solent

150 2303 510 2352 cognominata,
538 2315 635 2353 quae
670 2305 903 2353 quantopere
930 2303 969 2341 in
995 2303 1138 2342 deliciis
1171 2304 1312 2342 fuerint
1336 2303 1473 2342 Demo-

152 2362 277 2401 stheni
301 2376 412 2401 nemo
439 2367 497 2401 est
522 2364 612 2414 quin
638 2363 732 2402 sciat
745 2362 784 2410 ²).
823 2363 869 2400 In
886 2363 959 2401 hac
985 2377 1076 2402 uero
1097 2364 1265 2402 oratione
1291 2364 1395 2402 haud
1420 2364 1474 2401 ita

252 2466 277 2506 ¹)
298 2468 338 2500 cf.
361 2469 585 2509 quaestionum
606 2469 719 2509 partie.
740 2469 766 2500 Ι.
789 2466 919 2510 (Hagen
942 2467 1033 2506 1883)
1055 2480 1128 2510 pag.
1149 2468 1189 2500 55
1209 2480 1280 2510 prx.

250 2516 275 2555 ²)
297 2518 337 2549 cf.
359 2518 551 2549 Rehdantzii
572 2519 593 2550 l.
616 2528 646 2558 q.
667 2518 688 2548 i.
712 2518 972 2556 „Demosthenes'
993 2529 1077 2549 neun
1107 2520 1321 2560 philippische
1343 2517 1471 2550 Reden“

150 2569 213 2599 uol.
236 2568 278 2599 ΙΙ.
300 2570 382 2610 part.
403 2569 446 2600 II.
469 2567 659 2607 [»Indices«]
682 2578 756 2610 pag.
778 2567 837 2600 166
858 2567 897 2607 (s.
918 2579 949 2600 u.
971 2569 1192 2611 Erweiterung
1212 2568 1256 2608 2).
