1783 2980
171 341 205 386 6,
241 340 301 385 20,
335 339 383 374 30
415 337 483 386 bis,
519 336 834 386 [XXXXVIIII]
868 340 928 392 43,
964 337 1036 386 [L]
1071 341 1106 386 8,
1133 340 1193 386 35,
1219 340 1279 386 42,
1316 337 1408 386 [LI.]
1440 341 1497 386 12,

170 397 303 447 [LIII]
330 399 364 446 2,
400 396 531 446 [LVI]
563 398 619 446 12,
653 399 713 446 21,
745 400 805 446 33,
840 400 901 447 37,
936 398 1058 436 LVII.
1092 401 1126 447 8,
1164 401 1220 447 19,
1257 398 1428 447 [LVIII]
1462 402 1497 445 6,

172 461 229 507 13,
265 460 325 506 64,
360 457 552 506 [LVIIII]
586 458 675 507 (16),
708 458 797 507 (52),
834 461 916 508 101,
952 458 1064 507 [LX]
1100 461 1160 508 33,
1189 458 1384 511 [prooem]
1413 459 1495 507 ΚΕ,

169 517 305 569 [epist]
332 518 402 557 III.
428 520 463 568 2,
491 520 551 557 40.

268 579 376 617 Ibid.:
403 580 563 617 uerbum
597 582 996 632 εἰςαφικνεῖσὲαι
1030 582 1068 618 in
1094 594 1249 632 corpore
1284 583 1494 619 orationum

167 639 546 678 Demostheniearum
564 653 639 678 nen
657 644 783 678 exstat
810 641 881 678 nisi
908 641 979 679 hoe
1006 641 1105 689 loeo3
1133 653 1364 691 quamquam
1391 642 1494 680 haud

168 705 250 739 erat
283 701 505 738 inusitatum
537 701 613 738 illis
648 702 891 750 temporibus,
928 702 976 740 ef.
1012 703 1167 740 Isocrat.
1200 702 1267 740 IV.
1300 706 1361 751 45,
1396 704 1494 741 Plat.

167 761 317 799 Menon.
343 774 430 813 pag.
457 762 505 798 92
519 761 565 810 B,
592 762 640 798 al.
687 761 832 800 Eodem
860 775 972 800 sensu
1000 776 1022 800 a
1048 763 1305 801 Demosthene
1332 764 1494 815 simplex

167 822 327 860 uerbum
360 823 613 871 ἀφικνεῖσθαι
647 826 705 859 est
738 827 979 871 usurpatum:
1021 823 1168 860 XVIII.
1203 825 1272 861 201
1313 825 1406 868 τοὺς
1444 826 1494 868 εἰς

165 882 236 926 τὴν
269 881 385 919 πόλιν
419 880 647 932 ἀνθρώπους
688 882 1002 932 ἀφικνουμένους,
1039 882 1127 920 XX.
1161 885 1206 920 31
1244 884 1316 920 τὸν
1348 886 1386 920 ἐκ
1417 889 1494 920 τῶν

166 939 296 979 ἄλλων
313 942 501 994 ἐμπορίων
519 942 805 990 ἀφικνούμενον
822 941 977 990 (σῖτον),
995 945 1062 991 32;
1083 942 1277 992 [XXXV]
1297 945 1320 981 2
1338 945 1494 982 πολλῶν

165 1001 235 1052 γὰρ
270 1000 564 1050 ἀφικνουμένων
606 1003 654 1046 εἰς
690 1003 737 1039 τὸ
771 1002 951 1053 ὑμέτερον
986 1003 1170 1054 ἐμπόριον
1204 1004 1270 1039 καὶ
1303 1003 1493 1047 Ἑλλήνων

165 1061 230 1097 καὶ
255 1059 469 1110 βαρβάρων,
496 1061 544 1098 al.

265 1119 295 1168 ξ.
318 1122 360 1158 23
389 1126 466 1157 τῶν
493 1121 539 1158 ἐν
568 1121 803 1172 Βοσπόρῳ
838 1122 1264 1171 ἐπιδημησάντων,
1299 1122 1344 1160 ef.
1367 1122 1422 1171 ἐξ.
1445 1125 1492 1160 34

163 1182 241 1218 ὑπὸ
258 1186 332 1220 τῶν
353 1182 392 1218 ἐν
417 1188 472 1231 τῷ
494 1182 660 1233 ἐμπορίῳ
681 1181 732 1230 (h.
750 1195 782 1220 e.
805 1185 842 1220 ἐν
856 1181 1063 1234 Βοσπόρῳ)
1083 1184 1373 1231 ἐπιδημούντων
1391 1183 1493 1219 κατὰ

164 1241 235 1278 τὸν
249 1242 371 1280 αὐτὸν
383 1242 535 1294 χρόνον,
554 1243 602 1279 36
617 1243 802 1290 ἐπιδημῶν
822 1244 861 1280 ἐν
874 1247 929 1291 τῷ
939 1242 1138 1294 Βοσπόρῳ,
1162 1244 1208 1280 41
1226 1244 1492 1291 ἐπιδημοῦντα

164 1304 202 1340 ἐν
225 1301 433 1352 Βοσπόρῳε
461 1302 608 1340 alienus
635 1305 692 1340 est
719 1303 784 1351 qui
810 1303 869 1340 his
895 1303 986 1340 loeis
1013 1306 1139 1340 exstat
1165 1303 1359 1350 ἐπιδημεῖν
1386 1303 1494 1340 uerbi

163 1375 254 1400 usus
290 1375 313 1399 a
346 1361 614 1414 Demosthene.
673 1362 748 1399 Hic
786 1363 887 1400 enim
921 1356 1257 1408 ,,ἐπιδημοῦντας“
1292 1375 1356 1400 eos
1395 1362 1494 1409 dicit,

164 1422 228 1473 qui
267 1422 306 1459 in
345 1421 464 1472 ipsius
508 1423 632 1473 patria
672 1426 885 1471 uersantur,
930 1435 1004 1473 quo
1042 1423 1085 1460 fit
1124 1427 1166 1460 ut
1205 1422 1363 1460 uerbum
1400 1423 1494 1460 illud

164 1483 387 1533 plerumque
414 1487 575 1533 ponatur
607 1484 688 1522 loco
721 1496 795 1534 quo
822 1483 959 1534 aliquis
994 1488 1051 1521 est
1077 1496 1151 1521 non
1179 1483 1401 1533 significato,
1428 1483 1492 1520 ef.:

163 1542 271 1581 XXI.
313 1544 383 1580 176
429 1549 504 1580 τοῦ
549 1545 765 1581 Μενίππου
812 1551 895 1587 τοῖς
943 1544 1167 1595 μυστηρίοις
1216 1545 1493 1593 ἐπιδημοῦντος

163 1603 387 1651 ἐπελάβετο,
414 1604 486 1641 217
515 1605 606 1649 τοὺς
639 1605 953 1652 ἐπιδημήσαντας
981 1601 1164 1649 ἅπαντας
1190 1610 1265 1641 τῶν
1291 1604 1492 1647 Ἑλλήνων,

163 1662 368 1701 XXXVII.
402 1665 425 1701 2
459 1665 743 1713 ἐπιδημούντων
783 1664 818 1700 δ’
850 1666 949 1713 ἡμῶν
985 1664 1224 1716 ἀμφοτέρων,
1260 1666 1282 1702 8
1309 1664 1375 1700 καὶ
1402 1666 1492 1715 παρ’

163 1726 257 1770 ἐμοῦ
283 1729 359 1759 τοῦ
391 1724 474 1772 μηδ’
501 1725 792 1771 ἐπιδημοῦντος,
828 1725 851 1760 9
878 1723 963 1760 οὔτ’
991 1725 1203 1770 ἐπεδήμουν
1230 1722 1338 1767 ὅλως,
1370 1724 1418 1760 44
1445 1725 1490 1759 οὐ

162 1784 235 1834 γὰρ
283 1781 389 1833 ἔγωγ’
441 1784 664 1831 ἐπεδήμουν,
716 1785 762 1822 57
809 1786 829 1820 ὁ
873 1785 919 1832 μὴ
970 1783 1101 1834 παρὼν
1151 1784 1237 1832 μηδ’
1288 1784 1489 1830 ἐπιδημῶν,

162 1842 408 1881 XXXVIIII.
445 1845 489 1882 16
518 1845 564 1887 ὡς
599 1841 772 1889 ἅπαντες
808 1846 946 1895 ἑωρᾶτε
982 1846 1019 1880 οἱ
1050 1844 1336 1891 ἐπιδημοῦντες,
1369 1842 1491 1880 LVII.

162 1905 210 1942 39
237 1904 303 1940 καί
328 1919 393 1949 μοι
420 1904 526 1940 κάλει
550 1905 641 1948 τοὺς
668 1904 953 1955 ἐπιδημοῦντας
979 1906 1104 1941 αὐτῶν
1122 1925 1172 1929 -
1190 1901 1406 1952 [XXXIII]
1426 1904 1486 1951 25,

163 1967 222 2012 26,
265 1966 333 2014 34,
380 1963 618 2013 [XXXIIII]
674 1965 738 2012 12,
787 1963 985 2012 [XXXV]
1029 1966 1096 2010 30,
1148 1963 1404 2012 [XXXXIII]
1454 1966 1489 2010 5,

163 2023 457 2073 [XXXXVIH]
485 2025 545 2073 20,
564 2025 623 2073 27,
647 2025 707 2073 28,
735 2022 1049 2072 [XXXXVIIII]
1083 2025 1142 2071 59,
1168 2024 1227 2070 60,
1253 2024 1313 2072 62,
1346 2024 1394 2061 63
1421 2023 1490 2071 bis,

163 2084 275 2134 [LII]
305 2087 339 2135 7,
375 2088 408 2134 8,
436 2084 566 2134 [LVI]
593 2087 629 2134 8,
666 2083 856 2134 [LVIIII]
890 2086 950 2133 40,
987 2086 1046 2123 67.
1097 2084 1201 2123 Raro
1233 2085 1306 2123 loci
1339 2084 1491 2122 additur

163 2146 408 2196 significatio:
435 2145 517 2183 LV.
531 2147 554 2183 3
573 2146 780 2189 Ἀθήνησιν
797 2166 847 2171 ——
866 2143 1059 2194 [XXXV]
1082 2147 1128 2183 16
1145 2144 1206 2193 id.,
1225 2143 1417 2193 [XXXX]
1444 2146 1487 2182 17

164 2205 303 2243 ἐνθάδε
331 2206 383 2254 (h.
410 2219 443 2244 e.
468 2205 658 2254 Athenis),
694 2204 765 2254 [L]
794 2207 817 2243 3
845 2206 971 2242 αὐτοῦ
1002 2205 1054 2253 (h.
1081 2218 1111 2243 e.
1141 2204 1330 2253 Athenis),
1358 2203 1489 2253 [LVI]

162 2267 211 2304 30
246 2267 426 2303 ἐνταῦθα
461 2266 513 2314 (h.
540 2279 571 2304 e.
596 2265 786 2315 Athenis),
822 2265 1012 2315 [LVHH]
1041 2268 1089 2304 64
1115 2267 1313 2311 Ἀθήναζε.
1364 2264 1491 2303 Semel

161 2324 368 2375 ([LVIIII]
396 2325 460 2375 37)
494 2339 579 2365 cum
618 2327 745 2365 uerbis
777 2327 827 2372 εἰς
853 2325 908 2363 τὰ
948 2326 1116 2377 Μέγαρα
1154 2325 1393 2364 coniunctum
1433 2330 1491 2364 est

161 2386 322 2425 uerbum
349 2388 554 2434 ἐπιδημεῖν.

262 2447 376 2485 Ibid.:
425 2449 804 2485 συναπολλύναι
851 2448 1010 2486 uerbum
1051 2447 1152 2497 apud
1192 2442 1491 2485 Demosthenem

162 2521 236 2547 non
262 2508 455 2547 inuenitur
480 2508 553 2546 nisi
580 2506 771 2558 [LVIHI]
799 2509 858 2547 95.

263 2568 295 2618 ἓ.
307 2570 350 2608 4:
365 2569 645 2609 substantiuum
658 2570 859 2607 eezvamca
873 2582 948 2608 non
961 2569 1111 2619 repperi
1124 2568 1196 2606 nisi
1210 2567 1445 2617 [XXXXV]
1458 2572 1492 2607 6.

1641 424 1655 452 i
