1782 2980
817 208 865 210 w.
919 186 967 224 26
1020 207 1068 211 ,n

377 296 490 335 Ibid.:
522 309 599 334 uox
626 308 725 345 quae
762 300 819 335 est
855 297 1081 347 ἐνέχυρον
1115 297 1174 335 bis
1208 310 1232 335 a
1257 297 1516 336 Demosthene
1550 302 1607 336 est

277 356 460 405 adhibita,
487 369 539 395 or.
556 356 665 395 VIII.
692 358 740 395 69
767 360 806 395 et
831 356 1019 395 XXXXI.
1048 359 1111 406 113
1139 357 1291 409 saepius
1310 357 1349 395 in
1375 357 1607 396 orationibus

276 417 715 468 pseudodemosthenicis
733 417 912 456 occurrit:
936 416 1152 466 [XXXIHJ
1175 419 1232 467 10,
1251 416 1526 466 [XXXXVII]
1545 419 1605 467 37,

276 480 337 526 38,
365 479 425 525 41,
450 479 511 525 42,
537 479 597 526 54,
626 479 686 526 66,
715 479 763 515 74
790 477 858 526 bis,
886 479 932 515 77
955 478 1025 526 bis,
1053 476 1368 525 [XXXXVIIII.]
1395 479 1431 526 2,
1458 479 1518 526 53,
1546 479 1606 526 61,

276 535 408 586 [LVI.]
436 538 470 576 3.

377 602 408 651 ξ.
435 604 502 641 48:
538 603 903 640 τεκταίνεσθαι
937 603 1097 641 uerbum
1131 603 1170 641 in
1204 615 1359 655 corpore
1394 603 1607 642 orassionum

274 663 655 702 Demosthenioarum
690 663 830 702 frustra
864 664 1046 713 quaesiui.
1098 663 1206 702 Idem
1240 663 1340 702 cadit
1374 664 1411 702 in
1447 664 1607 702 uerbum

277 724 743 772 μετακινουμένοις,
789 724 890 773 quod
934 737 1002 775 pro
1044 723 1406 772 ,,τεκταινομε’νοις“
1449 724 1607 775 praebet

275 784 396 823 codex
422 783 676 834 Augustanus
700 789 734 822 A
764 783 951 836 (primus).

376 843 407 892 ἓ.
434 846 501 883 52;
538 847 949 896 συνεπανορθοῦν
984 845 1144 887 uerbum
1178 857 1252 883 non
1287 845 1428 895 legitur
1462 845 1606 896 nisilin

274 918 352 943 una
379 905 549 943 oratione
583 905 725 955 spuria,
753 901 831 956 [Χ.]
860 907 908 943 34
936 905 1261 957 συνεπηνώρθωσε
1286 907 1341 943 τὰ
1368 911 1434 950 τῆς
1461 905 1615 953 πόλεως,

273 965 504 1016 πράγματα,
531 979 617 1004 cum
652 967 965 1017 ἐπανορθοῦν
998 965 1158 1004 uerbum
1192 969 1317 1004 exstet
1343 965 1401 1003 his
1434 966 1542 1004 loeis:
1575 966 1605 1004 Ι.

277 1027 335 1074 11,
355 1025 423 1064 VI.
442 1027 476 1074 5,
496 1026 556 1074 34,
575 1022 692 1076 [VIL]
725 1027 770 1064 18
796 1026 867 1075 bis,
887 1027 947 1074 22,
966 1027 1025 1073 25,
1043 1026 1103 1074 30,
1123 1025 1232 1064 VIII.
1251 1027 1311 1074 76,
1330 1025 1458 1064 VIIII.
1483 1027 1519 1075 4,
1548 1027 1606 1074 76,

274 1082 351 1136 [X.]
381 1087 441 1135 52,
474 1083 612 1136 [XIII.]
644 1088 702 1135 15,
736 1086 866 1125 ΧΙΠΙ.
893 1088 927 1134 5,
953 1085 1041 1124 XV.
1068 1087 1127 1134 34,
1151 1086 1299 1124 XVIII.
1326 1087 1411 1134 311,
1436 1085 1605 1125 XVIIII.

276 1148 359 1195 181,
386 1146 496 1185 XXI.
518 1148 601 1195 172,
622 1146 777 1195 [XXV]
805 1149 862 1196 10,
891 1145 981 1196 [LI.]
1004 1148 1049 1184 14
1068 1147 1137 1195 bis,
1158 1144 1287 1196 [LVI.]
1307 1148 1355 1184 43
1382 1147 1450 1195 bis,
1469 1143 1603 1197 [LXI.]

272 1208 334 1255 45,
362 1203 557 1258 [prooem]
586 1209 635 1252 Ις,
664 1209 746 1252 ΚΔ,
774 1209 858 1252 ΛΗ,
886 1208 969 1245 ΛΘ.
1051 1229 1056 1233 -

373 1267 487 1305 Ibid.:
525 1267 888 1317 διαφυλάττειν
921 1267 1039 1306 uerbo
1067 1280 1222 1319 perraro
1256 1280 1347 1306 usus
1381 1271 1439 1306 est
1465 1267 1603 1306 Demo-

272 1328 436 1377 sthenes,
464 1340 514 1365 or.
540 1327 691 1366 XVIII.
720 1329 740 1365 7
768 1328 837 1372 τὴν
866 1328 959 1380 πρὸς
986 1329 1078 1373 τοὺς
1105 1329 1217 1373 θεοὺς
1244 1328 1436 1375 εὐσέβειαν
1463 1329 1602 1377 διαφυ-

271 1389 430 1426 λάττων
457 1391 495 1426 et
513 1389 583 1426 321
613 1389 683 1432 τὴν
709 1394 785 1426 τοῦ
814 1388 991 1436 γενναίου
1019 1391 1084 1426 καὶ
1110 1394 1185 1425 τοῦ
1204 1388 1391 1440 πρωτείου
1418 1393 1467 1439 τῇ
1494 1388 1603 1425 πόλει

236 1446 239 1447 ’
272 1449 498 1499 προαίρεσιν
533 1449 833 1497 διαφυλάττειν.
873 1448 1080 1487 Praeterea
1114 1449 1186 1487 hoc
1212 1448 1372 1487 uerbum
1399 1452 1526 1487 exstat
1552 1462 1603 1487 or.

271 1508 419 1545 XVIII.
448 1506 530 1557 (78)
566 1508 605 1545 in
639 1509 800 1559 epistola
826 1508 995 1560 Philippi
1022 1508 1309 1557 διαφυλάττειν
1343 1509 1413 1551 τὴν
1447 1509 1601 1560 εἰρήνην,

272 1566 428 1619 [XVII]
456 1569 505 1606 24
529 1569 576 1606 τὸ
603 1570 754 1606 δίκαιον
784 1571 829 1605 οὐ
857 1570 1009 1614 δικαίως
1037 1568 1338 1618 διαφυλάττειν,
1358 1565 1533 1618 [XXVI]
1557 1570 1602 1606 10

270 1629 336 1665 καὶ
369 1634 500 1666 ταῦτα
536 1628 673 1667 πάντα
708 1627 810 1666 οὕτω
848 1629 1192 1681 διαφυλάττουσιν
1230 1628 1479 1666 οὐδεπώποτε
1514 1627 1601 1665 οὔθ’

269 1693 361 1739 ὑμῖν
397 1687 489 1727 οὔτε
523 1698 606 1735 τοῖς
641 1689 843 1742 προγόνοις
877 1690 1137 1740 μετεμέλησεν,
1167 1686 1303 1741 [epist]
1339 1689 1407 1727 III.
1445 1691 1490 1728 15
1517 1698 1601 1734 τοῖς

269 1750 386 1787 παισὶ
419 1750 490 1794 τὴν
524 1749 674 1801 ἔχθραν
708 1750 1031 1799 διαφυλάξουσιν.

370 1815 481 1853 Ibid.:
510 1816 732 1852 ἀδικεῖσθαι
750 1816 828 1853 ’ὑπὸ
855 1819 930 1851 τῶν
948 1816 1140 1853 τοιούτων
1168 1816 1358 1867 θηρίωνε
1392 1815 1437 1852 cf.
1462 1814 1600 1852 Blassii

268 1876 292 1914 l.
326 1876 349 1913 l.
384 1888 472 1926 pag.
507 1876 556 1913 80
589 1875 709 1913 uerba
743 1874 855 1913 haec:
894 1873 982 1922 „der
1012 1874 1216 1913 Ausdruck
1251 1877 1382 1926 θηρίον
1415 1875 1464 1913 ist
1496 1874 1600 1926 nieht

269 1936 366 1974 eben
410 1935 728 1983 demosthenisoh,
769 1934 951 1973 wfihrend
995 1934 1207 1982 Aisehines,
1246 1934 1480 1973 Deinarehos
1522 1935 1599 1973 und

269 2009 381 2047 sogar
412 1996 473 2034 die
499 1995 701 2034 Verfasser
735 1994 1227 2047 pseudodemostheniseher
1252 1995 1501 2033 Privatreden
1534 1995 1600 2033 ihn

269 2070 361 2105 geru
396 2055 674 2105 gebrauchen“.
724 2056 860 2094 Inueni
894 2055 962 2094 hos
996 2056 1113 2094 locos:
1148 2069 1200 2094 or.
1226 2055 1394 2094 XXIIII.
1431 2057 1501 2094 143
1529 2058 1598 2092 οὐκ

269 2117 319 2155 ἂν
337 2117 490 2167 φθάνοι
515 2118 563 2154 τὸ
591 2118 739 2162 πλῆθος
757 2118 917 2160 τούτοις
943 2125 1026 2161 τοῖς
1055 2117 1197 2169 θηρίοις
1225 2117 1423 2161 δουλεῦον,
1444 2114 1598 2166 [XXV.]

269 2180 292 2216 8
320 2179 369 2223 εἰς
398 2173 493 2221 ὅσην
521 2178 709 2227 αἰσχύνην
737 2178 803 2214 καὶ
830 2177 993 2221 ἀδοξίαν
1020 2181 1160 2228 προῆχε
1194 2176 1265 2220 τὴν
1291 2175 1407 2214 πόλιν
1434 2177 1599 2227 δημοσίᾳ

268 2238 406 2276 πάντα
433 2238 487 2275 τὰ
514 2242 685 2275 τοιαῦτα
720 2238 847 2288 θηρία,
876 2238 921 2274 31
952 2240 1010 2286 ἐφ’
1037 2235 1064 2273 οἳ
1092 2239 1126 2274 δ’
1156 2236 1206 2274 ἅν
1232 2237 1297 2273 καὶ
1324 2237 1513 2287 χρήσαιτό
1539 2230 1597 2281 τις

268 2298 438 2347 τοιούτῳ
472 2297 604 2349 θηρίῳ,
631 2299 678 2335 58
715 2299 864 2348 μιαρὸν,
891 2298 1040 2348 μιαρὸν,
1068 2296 1096 2334 ὦ
1132 2295 1170 2334 ἄ.
1198 2298 1268 2341 Ἀ,,
1295 2296 1342 2333 τὸ
1375 2297 1507 2348 θηρίον
1534 2299 1598 2335 καὶ

267 2355 448 2404 ἄμικτον,
468 2359 516 2395 95
543 2364 666 2395 τοῦτο
693 2359 740 2396 τὸ
760 2357 894 2408 θηρίον
921 2359 1103 2409 ἐξορίσαι,
1123 2353 1316 2406 [XXXV.]
1338 2357 1360 2394 8
1388 2356 1500 2394 οὐδὲν
1518 2354 1597 2407 ᾔδει

267 2416 362 2460 οἵοις
390 2418 532 2468 θηρίοις
559 2418 765 2462 ἐπλησίαζε
790 2425 874 2461 τοῖς
902 2417 1119 2468 ἀνθρώποις
1147 2418 1317 2460 τούτοις,
1340 2415 1596 2464 [ΧΧΧΧῙΠ]

268 2478 315 2514 83
348 2476 450 2522 ὅπως
483 2478 531 2526 μὴ
564 2477 890 2528 ἐξερημωθήσεται
924 2479 1049 2514 αὐτῶν
1078 2478 1097 2514 ὁ
1132 2477 1232 2520 οἶκος
1258 2475 1335 2512 ὑπὸ
1362 2482 1436 2513 τῶν
1462 2482 1597 2528 μιαρῶν

267 2538 420 2575 τούτων
454 2539 605 2588 θηρίων,
643 2536 814 2587 [LVIII]
850 2538 899 2574 49
935 2539 1096 2582 ἀκούεις,
1132 2537 1158 2574 ὦ
1195 2537 1331 2588 μιαρὸν
1366 2538 1414 2572 σὺ
1449 2538 1596 2588 θηρίον,
