<?xml version="1.0" encoding="UTF-8"?>
<!DOCTYPE html PUBLIC "-//W3C//DTD XHTML 1.0 Transitional//EN"
    "http://www.w3.org/TR/xhtml1/DTD/xhtml1-transitional.dtd">
<html xmlns="http://www.w3.org/1999/xhtml" xml:lang="en" lang="en">
 <head>
  <title>
</title>
<meta http-equiv="Content-Type" content="text/html;charset=utf-8" />
  <meta name='ocr-system' content='tesseract 3.04.00' />
  <meta name='ocr-capabilities' content='ocr_page ocr_carea ocr_par ocr_line ocrx_word'/>
</head>
<body>
  <div class='ocr_page' id='page_1' title='image "4737337_0039.png"; bbox 0 0 1783 2980; ppageno 0'>
   <div class='ocr_carea' id='block_1_1' title="bbox 676 224 926 261">
    <p class='ocr_par' dir='ltr' id='par_1_1' title="bbox 676 224 926 261">
     <span class='ocr_line' id='line_1_1' title="bbox 676 224 926 261; baseline 0 -13"><span class='ocrx_word' id='word_1_1' title='bbox 676 244 725 248; x_wconf 26' lang='lat' dir='ltr'><em>„a</em></span> <span class='ocrx_word' id='word_1_2' title='bbox 777 224 824 261; x_wconf 86' lang='lat'><em>33</em></span> <span class='ocrx_word' id='word_1_3' title='bbox 877 245 926 248; x_wconf 31' lang='lat' dir='ltr'><em>h.-</em></span> 
     </span>
    </p>
   </div>
   <div class='ocr_carea' id='block_1_2' title="bbox 140 328 1458 444">
    <p class='ocr_par' dir='ltr' id='par_1_2' title="bbox 140 328 1458 444">
     <span class='ocr_line' id='line_1_2' title="bbox 140 328 1458 390; baseline -0.004 -14"><span class='ocrx_word' id='word_1_4' title='bbox 140 339 209 390; x_wconf 69' lang='grc' dir='ltr'><em>ἐγὼ</em></span> <span class='ocrx_word' id='word_1_5' title='bbox 240 336 292 381; x_wconf 84' lang='grc' dir='ltr'><em>δέ,</em></span> <span class='ocrx_word' id='word_1_6' title='bbox 324 336 371 373; x_wconf 89' lang='lat' dir='ltr'>al.</span> <span class='ocrx_word' id='word_1_7' title='bbox 423 333 650 384; x_wconf 81' lang='lat' dir='ltr'>Saepissime</span> <span class='ocrx_word' id='word_1_8' title='bbox 684 346 770 371; x_wconf 85' lang='lat' dir='ltr'>eum</span> <span class='ocrx_word' id='word_1_9' title='bbox 809 333 1184 384; x_wconf 83' lang='lat' dir='ltr'>enthymematis</span> <span class='ocrx_word' id='word_1_10' title='bbox 1218 328 1458 371; x_wconf 81' lang='lat' dir='ltr'>coniunctum</span> 
     </span>
     <span class='ocr_line' id='line_1_3' title="bbox 141 393 1455 444; baseline -0.009 -5"><span class='ocrx_word' id='word_1_11' title='bbox 141 403 197 439; x_wconf 70' lang='lat' dir='ltr'>est</span> <span class='ocrx_word' id='word_1_12' title='bbox 228 395 452 443; x_wconf 77' lang='lat' dir='ltr'>antitheton,</span> <span class='ocrx_word' id='word_1_13' title='bbox 487 394 533 431; x_wconf 78' lang='lat' dir='ltr'><em>cf.</em></span> <span class='ocrx_word' id='word_1_14' title='bbox 559 393 613 441; x_wconf 64' lang='grc' dir='ltr'><em>ἓξ.</em></span> <span class='ocrx_word' id='word_1_15' title='bbox 639 395 686 431; x_wconf 88' lang='grc'><em>26</em></span> <span class='ocrx_word' id='word_1_16' title='bbox 721 396 786 432; x_wconf 83' lang='grc' dir='ltr'><em>καὶ</em></span> <span class='ocrx_word' id='word_1_17' title='bbox 819 402 902 437; x_wconf 86' lang='grc' dir='ltr'><em>τοῖς</em></span> <span class='ocrx_word' id='word_1_18' title='bbox 937 394 1000 440; x_wconf 83' lang='grc' dir='ltr'><em>μὲν</em></span> <span class='ocrx_word' id='word_1_19' title='bbox 1020 409 1079 421; x_wconf 86' lang='grc'><em>-·</em></span> <span class='ocrx_word' id='word_1_20' title='bbox 1101 395 1230 444; x_wconf 82' lang='grc' dir='ltr'><em>τούτῳ</em></span> <span class='ocrx_word' id='word_1_21' title='bbox 1256 394 1295 431; x_wconf 81' lang='grc' dir='ltr'><em>δέ</em></span> <span class='ocrx_word' id='word_1_22' title='bbox 1313 410 1380 437; x_wconf 86' lang='grc'><em>-,·</em></span> <span class='ocrx_word' id='word_1_23' title='bbox 1409 395 1455 432; x_wconf 79' lang='grc'><em>27</em></span> 
     </span>
    </p>
   </div>
   <div class='ocr_carea' id='block_1_3' title="bbox 138 454 1459 629">
    <p class='ocr_par' dir='ltr' id='par_1_3' title="bbox 138 454 1459 629">
     <span class='ocr_line' id='line_1_4' title="bbox 138 454 1459 508; baseline -0.002 -15"><span class='ocrx_word' id='word_1_24' title='bbox 138 458 329 508; x_wconf 56' lang='grc' dir='ltr'><em>χάκείνογς</em></span> <span class='ocrx_word' id='word_1_25' title='bbox 354 455 422 504; x_wconf 84' lang='grc' dir='ltr'><em>μὲν</em></span> <span class='ocrx_word' id='word_1_26' title='bbox 435 469 494 480; x_wconf 90' lang='lat'><em>-—·</em></span> <span class='ocrx_word' id='word_1_27' title='bbox 515 455 662 490; x_wconf 85' lang='grc' dir='ltr'><em>τούτου</em></span> <span class='ocrx_word' id='word_1_28' title='bbox 689 454 728 491; x_wconf 80' lang='grc' dir='ltr'><em>δέ</em></span> <span class='ocrx_word' id='word_1_29' title='bbox 742 471 807 498; x_wconf 85' lang='lat'><em>—,·</em></span> <span class='ocrx_word' id='word_1_30' title='bbox 834 454 922 492; x_wconf 88' lang='lat' dir='ltr'>ibid.</span> <span class='ocrx_word' id='word_1_31' title='bbox 948 455 1011 490; x_wconf 81' lang='grc' dir='ltr'><em>καὶ</em></span> <span class='ocrx_word' id='word_1_32' title='bbox 1039 460 1108 492; x_wconf 81' lang='grc' dir='ltr'><em>νῦν</em></span> <span class='ocrx_word' id='word_1_33' title='bbox 1136 455 1200 503; x_wconf 83' lang='grc' dir='ltr'><em>μὲν</em></span> <span class='ocrx_word' id='word_1_34' title='bbox 1222 469 1281 482; x_wconf 87' lang='lat'><em>—-·</em></span> <span class='ocrx_word' id='word_1_35' title='bbox 1304 456 1343 492; x_wconf 80' lang='grc' dir='ltr'><em>ἐν</em></span> <span class='ocrx_word' id='word_1_36' title='bbox 1361 457 1459 490; x_wconf 86' lang='grc' dir='ltr'><em>Βοσ-</em></span> 
     </span>
     <span class='ocr_line' id='line_1_5' title="bbox 139 513 1459 569; baseline 0 -17"><span class='ocrx_word' id='word_1_37' title='bbox 139 518 242 569; x_wconf 76' lang='grc' dir='ltr'><em>πόρῳ</em></span> <span class='ocrx_word' id='word_1_38' title='bbox 263 515 302 554; x_wconf 80' lang='grc' dir='ltr'><em>δέ</em></span> <span class='ocrx_word' id='word_1_39' title='bbox 316 532 381 559; x_wconf 82' lang='lat'><em>—-;</em></span> <span class='ocrx_word' id='word_1_40' title='bbox 401 516 449 554; x_wconf 85' lang='lat'><em>28</em></span> <span class='ocrx_word' id='word_1_41' title='bbox 469 515 533 551; x_wconf 85' lang='grc' dir='ltr'><em>καὶ</em></span> <span class='ocrx_word' id='word_1_42' title='bbox 552 516 588 550; x_wconf 80' lang='grc' dir='ltr'><em>οἱ</em></span> <span class='ocrx_word' id='word_1_43' title='bbox 606 515 671 562; x_wconf 83' lang='grc' dir='ltr'><em>μὲν</em></span> <span class='ocrx_word' id='word_1_44' title='bbox 691 513 805 551; x_wconf 79' lang='grc' dir='ltr'><em>ἄλλοι</em></span> <span class='ocrx_word' id='word_1_45' title='bbox 824 515 967 559; x_wconf 83' lang='grc' dir='ltr'><em>πάντες</em></span> <span class='ocrx_word' id='word_1_46' title='bbox 982 530 1039 540; x_wconf 88' lang='grc'><em>-·</em></span> <span class='ocrx_word' id='word_1_47' title='bbox 1062 517 1111 552; x_wconf 75' lang='grc' dir='ltr'><em>σὺ</em></span> <span class='ocrx_word' id='word_1_48' title='bbox 1126 516 1164 552; x_wconf 83' lang='grc' dir='ltr'><em>δέ</em></span> <span class='ocrx_word' id='word_1_49' title='bbox 1184 532 1247 558; x_wconf 76' lang='grc' dir='ltr'><em>-ς</em></span> <span class='ocrx_word' id='word_1_50' title='bbox 1268 517 1316 553; x_wconf 90' lang='grc'><em>43</em></span> <span class='ocrx_word' id='word_1_51' title='bbox 1336 515 1459 552; x_wconf 84' lang='grc' dir='ltr'><em>δεινὸν</em></span> 
     </span>
     <span class='ocr_line' id='line_1_6' title="bbox 139 573 1457 629; baseline -0.003 -15"><span class='ocrx_word' id='word_1_52' title='bbox 139 579 210 629; x_wconf 82' lang='grc' dir='ltr'><em>γὰρ</em></span> <span class='ocrx_word' id='word_1_53' title='bbox 238 573 286 614; x_wconf 74' lang='grc' dir='ltr'><em>ἂν</em></span> <span class='ocrx_word' id='word_1_54' title='bbox 313 576 379 621; x_wconf 72' lang='grc' dir='ltr'><em>εἴη,</em></span> <span class='ocrx_word' id='word_1_55' title='bbox 399 577 429 612; x_wconf 82' lang='grc' dir='ltr'><em>εἰ</em></span> <span class='ocrx_word' id='word_1_56' title='bbox 456 576 522 623; x_wconf 81' lang='grc' dir='ltr'><em>μὲν</em></span> <span class='ocrx_word' id='word_1_57' title='bbox 536 597 596 618; x_wconf 69' lang='grc'><em>-,</em></span> <span class='ocrx_word' id='word_1_58' title='bbox 618 575 716 611; x_wconf 83' lang='grc' dir='ltr'><em>εἶναί</em></span> <span class='ocrx_word' id='word_1_59' title='bbox 735 590 798 622; x_wconf 91' lang='grc' dir='ltr'><em>μοι</em></span> <span class='ocrx_word' id='word_1_60' title='bbox 816 577 913 620; x_wconf 83' lang='grc' dir='ltr'><em>κτλ.,</em></span> <span class='ocrx_word' id='word_1_61' title='bbox 934 577 1059 619; x_wconf 73' lang='grc' dir='ltr'><em>ἐπειδὴ</em></span> <span class='ocrx_word' id='word_1_62' title='bbox 1087 577 1126 612; x_wconf 77' lang='grc' dir='ltr'><em>δὲ</em></span> <span class='ocrx_word' id='word_1_63' title='bbox 1140 598 1200 618; x_wconf 81' lang='grc'><em>-,</em></span> <span class='ocrx_word' id='word_1_64' title='bbox 1225 577 1271 621; x_wconf 78' lang='grc' dir='ltr'><em>μὴ</em></span> <span class='ocrx_word' id='word_1_65' title='bbox 1291 577 1457 624; x_wconf 81' lang='grc' dir='ltr'><em>φάσκειν</em></span> 
     </span>
    </p>
   </div>
   <div class='ocr_carea' id='block_1_4' title="bbox 138 631 1464 2618">
    <p class='ocr_par' dir='ltr' id='par_1_4' title="bbox 138 631 1459 1045">
     <span class='ocr_line' id='line_1_7' title="bbox 139 631 1457 684; baseline -0.001 -13"><span class='ocrx_word' id='word_1_66' title='bbox 139 640 235 681; x_wconf 61' lang='grc' dir='ltr'><em>κτλ,</em></span> <span class='ocrx_word' id='word_1_67' title='bbox 261 638 310 674; x_wconf 87' lang='lat'><em>45</em></span> <span class='ocrx_word' id='word_1_68' title='bbox 337 636 503 681; x_wconf 58' lang='grc' dir='ltr'><em>πάθοιμι</em></span> <span class='ocrx_word' id='word_1_69' title='bbox 533 631 676 683; x_wconf 70' lang='grc' dir='ltr'><em>μέντᾶν</em></span> <span class='ocrx_word' id='word_1_70' title='bbox 701 634 754 669; x_wconf 88' lang='grc' dir='ltr'><em>τὰ</em></span> <span class='ocrx_word' id='word_1_71' title='bbox 789 634 1012 678; x_wconf 82' lang='grc' dir='ltr'><em>δεινότατα,</em></span> <span class='ocrx_word' id='word_1_72' title='bbox 1039 637 1070 670; x_wconf 80' lang='grc' dir='ltr'><em>εἰ</em></span> <span class='ocrx_word' id='word_1_73' title='bbox 1105 637 1141 671; x_wconf 85' lang='grc' dir='ltr'><em>οὶ</em></span> <span class='ocrx_word' id='word_1_74' title='bbox 1167 636 1235 682; x_wconf 82' lang='grc' dir='ltr'><em>μὲν</em></span> <span class='ocrx_word' id='word_1_75' title='bbox 1269 635 1380 684; x_wconf 88' lang='grc' dir='ltr'><em>νόμοι</em></span> <span class='ocrx_word' id='word_1_76' title='bbox 1395 656 1457 680; x_wconf 91' lang='lat'><em>——‚</em></span> 
     </span>
     <span class='ocr_line' id='line_1_8' title="bbox 138 689 1458 745; baseline -0.002 -11"><span class='ocrx_word' id='word_1_77' title='bbox 138 700 242 745; x_wconf 76' lang='grc' dir='ltr'><em>ὑμεῖς</em></span> <span class='ocrx_word' id='word_1_78' title='bbox 275 697 313 733; x_wconf 83' lang='grc' dir='ltr'><em>δὲ</em></span> <span class='ocrx_word' id='word_1_79' title='bbox 326 717 388 736; x_wconf 90' lang='lat'><strong>-——‚</strong></span> <span class='ocrx_word' id='word_1_80' title='bbox 416 695 462 732; x_wconf 83' lang='grc'><em>47</em></span> <span class='ocrx_word' id='word_1_81' title='bbox 493 699 567 739; x_wconf 79' lang='grc' dir='ltr'><em>πῶς</em></span> <span class='ocrx_word' id='word_1_82' title='bbox 595 694 628 730; x_wconf 80' lang='grc' dir='ltr'><em>δ’</em></span> <span class='ocrx_word' id='word_1_83' title='bbox 651 696 718 730; x_wconf 78' lang='grc' dir='ltr'><em>οὐκ</em></span> <span class='ocrx_word' id='word_1_84' title='bbox 747 689 796 731; x_wconf 75' lang='grc' dir='ltr'><em>οἷν</em></span> <span class='ocrx_word' id='word_1_85' title='bbox 824 693 873 738; x_wconf 75' lang='grc' dir='ltr'><em>εἴη</em></span> <span class='ocrx_word' id='word_1_86' title='bbox 901 692 1066 738; x_wconf 78' lang='grc' dir='ltr'><em>ἄτοπον,</em></span> <span class='ocrx_word' id='word_1_87' title='bbox 1094 696 1125 730; x_wconf 87' lang='grc' dir='ltr'><em>εἰ</em></span> <span class='ocrx_word' id='word_1_88' title='bbox 1143 716 1191 721; x_wconf 91' lang='lat'><em>-—</em></span> <span class='ocrx_word' id='word_1_89' title='bbox 1210 696 1256 733; x_wconf 88' lang='grc' dir='ltr'><em>τὸ</em></span> <span class='ocrx_word' id='word_1_90' title='bbox 1281 696 1345 742; x_wconf 86' lang='grc' dir='ltr'><em>μὲν</em></span> <span class='ocrx_word' id='word_1_91' title='bbox 1372 697 1458 744; x_wconf 82' lang='grc' dir='ltr'><em>ὁμο-</em></span> 
     </span>
     <span class='ocr_line' id='line_1_9' title="bbox 139 754 1458 806; baseline -0.002 -13"><span class='ocrx_word' id='word_1_92' title='bbox 139 757 371 806; x_wconf 79' lang='grc' dir='ltr'><em>λογούμενον</em></span> <span class='ocrx_word' id='word_1_93' title='bbox 406 754 549 805; x_wconf 81' lang='grc' dir='ltr'><em>ἄκυρον</em></span> <span class='ocrx_word' id='word_1_94' title='bbox 584 755 775 799; x_wconf 75' lang='grc' dir='ltr'><em>ποιήσετε,</em></span> <span class='ocrx_word' id='word_1_95' title='bbox 806 754 854 790; x_wconf 84' lang='grc' dir='ltr'><em>τὸ</em></span> <span class='ocrx_word' id='word_1_96' title='bbox 890 755 923 790; x_wconf 83' lang='grc' dir='ltr'><em>δ’</em></span> <span class='ocrx_word' id='word_1_97' title='bbox 946 755 1299 803; x_wconf 73' lang='grc' dir='ltr'><em>ἀμφιςβητούμενον</em></span> <span class='ocrx_word' id='word_1_98' title='bbox 1330 757 1458 806; x_wconf 85' lang='grc' dir='ltr'><em>κύριον</em></span> 
     </span>
     <span class='ocr_line' id='line_1_10' title="bbox 140 813 1459 866; baseline 0 -14"><span class='ocrx_word' id='word_1_99' title='bbox 140 817 368 864; x_wconf 58' lang='grc' dir='ltr'><em>ψηφιεῖσθε,</em></span> <span class='ocrx_word' id='word_1_100' title='bbox 396 816 444 852; x_wconf 87' lang='grc'><em>49</em></span> <span class='ocrx_word' id='word_1_101' title='bbox 472 816 541 850; x_wconf 80' lang='grc' dir='ltr'><em>οὐκ</em></span> <span class='ocrx_word' id='word_1_102' title='bbox 568 813 636 851; x_wconf 77' lang='grc' dir='ltr'><em>οὖν</em></span> <span class='ocrx_word' id='word_1_103' title='bbox 661 814 826 858; x_wconf 84' lang='grc' dir='ltr'><em>ἄτοπον,</em></span> <span class='ocrx_word' id='word_1_104' title='bbox 855 817 887 851; x_wconf 76' lang='grc' dir='ltr'><em>εἰ</em></span> <span class='ocrx_word' id='word_1_105' title='bbox 904 836 952 840; x_wconf 91' lang='grc'><em>--</em></span> <span class='ocrx_word' id='word_1_106' title='bbox 970 815 1017 851; x_wconf 87' lang='grc' dir='ltr'><em>τὸ</em></span> <span class='ocrx_word' id='word_1_107' title='bbox 1045 815 1109 860; x_wconf 81' lang='grc' dir='ltr'><em>μὲν</em></span> <span class='ocrx_word' id='word_1_108' title='bbox 1135 816 1226 866; x_wconf 84' lang='grc' dir='ltr'><em>πρὸς</em></span> <span class='ocrx_word' id='word_1_109' title='bbox 1254 823 1328 852; x_wconf 80' lang='grc' dir='ltr'><em>τοῦ</em></span> <span class='ocrx_word' id='word_1_110' title='bbox 1362 818 1459 853; x_wconf 90' lang='grc' dir='ltr'><em>ἀπο-</em></span> 
     </span>
     <span class='ocr_line' id='line_1_11' title="bbox 140 875 1459 927; baseline 0 -14"><span class='ocrx_word' id='word_1_111' title='bbox 140 881 371 927; x_wconf 80' lang='grc' dir='ltr'><em>στεροῦντος</em></span> <span class='ocrx_word' id='word_1_112' title='bbox 391 880 537 918; x_wconf 80' lang='grc' dir='ltr'><em>πιστῶς</em></span> <span class='ocrx_word' id='word_1_113' title='bbox 557 875 784 919; x_wconf 55' lang='grc' dir='ltr'><em>ἀκούσεσθε,</em></span> <span class='ocrx_word' id='word_1_114' title='bbox 801 875 848 911; x_wconf 89' lang='grc' dir='ltr'><em>τὸ</em></span> <span class='ocrx_word' id='word_1_115' title='bbox 868 876 901 911; x_wconf 80' lang='grc' dir='ltr'><em>δ’</em></span> <span class='ocrx_word' id='word_1_116' title='bbox 920 875 1011 927; x_wconf 78' lang='grc' dir='ltr'><em>ὑπὲρ</em></span> <span class='ocrx_word' id='word_1_117' title='bbox 1029 881 1104 912; x_wconf 81' lang='grc' dir='ltr'><em>τῶν</em></span> <span class='ocrx_word' id='word_1_118' title='bbox 1119 876 1459 927; x_wconf 70' lang='grc' dir='ltr'><em>ἀποστερουμένων</em></span> 
     </span>
     <span class='ocr_line' id='line_1_12' title="bbox 140 934 1458 985; baseline 0.001 -13"><span class='ocrx_word' id='word_1_119' title='bbox 140 934 313 972; x_wconf 78' lang='grc' dir='ltr'><em>ἄπιστον</em></span> <span class='ocrx_word' id='word_1_120' title='bbox 347 937 464 971; x_wconf 82' lang='grc' dir='ltr'><em>ἔσται</em></span> <span class='ocrx_word' id='word_1_121' title='bbox 498 936 588 985; x_wconf 85' lang='grc' dir='ltr'><em>παρ’</em></span> <span class='ocrx_word' id='word_1_122' title='bbox 615 937 724 981; x_wconf 58' lang='grc' dir='ltr'><em>ὑμῖν,</em></span> <span class='ocrx_word' id='word_1_123' title='bbox 760 935 807 972; x_wconf 84' lang='lat' dir='ltr'>al.</span> <span class='ocrx_word' id='word_1_124' title='bbox 859 934 933 979; x_wconf 88' lang='lat' dir='ltr'><em>Qui</em></span> <span class='ocrx_word' id='word_1_125' title='bbox 972 948 1149 972; x_wconf 91' lang='lat' dir='ltr'>numerus</span> <span class='ocrx_word' id='word_1_126' title='bbox 1190 936 1458 973; x_wconf 86' lang='lat' dir='ltr'>antithetorum</span> 
     </span>
     <span class='ocr_line' id='line_1_13' title="bbox 138 994 1097 1045; baseline -0.001 -12"><span class='ocrx_word' id='word_1_127' title='bbox 138 996 257 1034; x_wconf 88' lang='lat' dir='ltr'>maior</span> <span class='ocrx_word' id='word_1_128' title='bbox 282 994 434 1032; x_wconf 89' lang='lat' dir='ltr'>uidetur</span> <span class='ocrx_word' id='word_1_129' title='bbox 460 1006 554 1042; x_wconf 91' lang='lat' dir='ltr'>esse,</span> <span class='ocrx_word' id='word_1_130' title='bbox 582 1006 697 1044; x_wconf 89' lang='lat' dir='ltr'>quam</span> <span class='ocrx_word' id='word_1_131' title='bbox 722 997 765 1032; x_wconf 93' lang='lat' dir='ltr'><em>ut</em></span> <span class='ocrx_word' id='word_1_132' title='bbox 791 995 909 1045; x_wconf 83' lang='lat' dir='ltr'>possit</span> <span class='ocrx_word' id='word_1_133' title='bbox 935 995 1097 1045; x_wconf 88' lang='lat' dir='ltr'>probari.</span> 
     </span>
    </p>

    <p class='ocr_par' dir='ltr' id='par_1_5' title="bbox 240 1059 1228 1109">
     <span class='ocr_line' id='line_1_14' title="bbox 240 1059 1228 1109; baseline 0.001 -12"><span class='ocrx_word' id='word_1_134' title='bbox 240 1060 409 1098; x_wconf 83' lang='lat' dir='ltr'>Transeo</span> <span class='ocrx_word' id='word_1_135' title='bbox 435 1072 535 1097; x_wconf 85' lang='lat' dir='ltr'>nuno</span> <span class='ocrx_word' id='word_1_136' title='bbox 561 1059 610 1096; x_wconf 89' lang='lat' dir='ltr'>ad</span> <span class='ocrx_word' id='word_1_137' title='bbox 644 1059 834 1109; x_wconf 80' lang='lat' dir='ltr'><strong>figuras</strong></span> <span class='ocrx_word' id='word_1_138' title='bbox 868 1061 1228 1098; x_wconf 87' lang='lat' dir='ltr'>sententiarum.</span> 
     </span>
    </p>

    <p class='ocr_par' dir='ltr' id='par_1_6' title="bbox 139 1120 1461 1520">
     <span class='ocr_line' id='line_1_15' title="bbox 237 1120 1458 1173; baseline 0.001 -14"><span class='ocrx_word' id='word_1_139' title='bbox 237 1120 365 1170; x_wconf 82' lang='lat' dir='ltr'><strong>Atque</strong></span> <span class='ocrx_word' id='word_1_140' title='bbox 391 1121 659 1166; x_wconf 57' lang='grc' dir='ltr'><em>ἠθοποιίας</em></span> <span class='ocrx_word' id='word_1_141' title='bbox 684 1120 835 1171; x_wconf 88' lang='lat' dir='ltr'>quidem</span> <span class='ocrx_word' id='word_1_142' title='bbox 862 1121 935 1159; x_wconf 91' lang='lat' dir='ltr'><em>duo</em></span> <span class='ocrx_word' id='word_1_143' title='bbox 954 1125 1106 1159; x_wconf 84' lang='lat' dir='ltr'>exstant</span> <span class='ocrx_word' id='word_1_144' title='bbox 1133 1122 1320 1173; x_wconf 82' lang='lat' dir='ltr'>exempla,</span> <span class='ocrx_word' id='word_1_145' title='bbox 1339 1121 1392 1170; x_wconf 64' lang='grc' dir='ltr'><em>ἓξ.</em></span> <span class='ocrx_word' id='word_1_146' title='bbox 1413 1124 1458 1160; x_wconf 89' lang='grc'><em>14</em></span> 
     </span>
     <span class='ocr_line' id='line_1_16' title="bbox 140 1178 1458 1233; baseline 0.001 -14"><span class='ocrx_word' id='word_1_147' title='bbox 140 1183 221 1219; x_wconf 70' lang='grc' dir='ltr'><em>οὔδ’</em></span> <span class='ocrx_word' id='word_1_148' title='bbox 242 1178 263 1218; x_wconf 74' lang='grc' dir='ltr'>ὃ</span> <span class='ocrx_word' id='word_1_149' title='bbox 280 1182 375 1226; x_wconf 80' lang='grc' dir='ltr'><em>εἰκὸς</em></span> <span class='ocrx_word' id='word_1_150' title='bbox 402 1182 445 1226; x_wconf 79' lang='grc' dir='ltr'><em>ἦν</em></span> <span class='ocrx_word' id='word_1_151' title='bbox 473 1181 553 1218; x_wconf 84' lang='grc' dir='ltr'><em>εἶπε</em></span> <span class='ocrx_word' id='word_1_152' title='bbox 585 1181 821 1231; x_wconf 77' lang='grc' dir='ltr'><em>«Χρύσιππε,</em></span> <span class='ocrx_word' id='word_1_153' title='bbox 841 1183 974 1230; x_wconf 79' lang='grc' dir='ltr'><em>μαίνει·</em></span> <span class='ocrx_word' id='word_1_154' title='bbox 1001 1185 1041 1217; x_wconf 76' lang='grc' dir='ltr'><em>τί</em></span> <span class='ocrx_word' id='word_1_155' title='bbox 1066 1188 1214 1219; x_wconf 72' lang='grc' dir='ltr'><em>τοῦτον</em></span> <span class='ocrx_word' id='word_1_156' title='bbox 1236 1184 1458 1233; x_wconf 78' lang='grc' dir='ltr'><em>προςκαλεῐ;</em></span> 
     </span>
     <span class='ocr_line' id='line_1_17' title="bbox 139 1242 1460 1293; baseline 0 -13"><span class='ocrx_word' id='word_1_157' title='bbox 139 1243 223 1290; x_wconf 82' lang='grc' dir='ltr'><em>ἐμοὶ</em></span> <span class='ocrx_word' id='word_1_158' title='bbox 255 1243 327 1293; x_wconf 76' lang='grc' dir='ltr'><em>γὰρ</em></span> <span class='ocrx_word' id='word_1_159' title='bbox 364 1242 583 1278; x_wconf 77' lang='grc' dir='ltr'><em>ἀποδέδωκε</em></span> <span class='ocrx_word' id='word_1_160' title='bbox 609 1242 657 1277; x_wconf 91' lang='grc' dir='ltr'><em>τὸ</em></span> <span class='ocrx_word' id='word_1_161' title='bbox 692 1243 874 1293; x_wconf 80' lang='grc' dir='ltr'><em>χρυσίον»</em></span> <span class='ocrx_word' id='word_1_162' title='bbox 913 1246 950 1280; x_wconf 87' lang='lat' dir='ltr'>et</span> <span class='ocrx_word' id='word_1_163' title='bbox 986 1244 1030 1280; x_wconf 98' lang='lat'><em>15</em></span> <span class='ocrx_word' id='word_1_164' title='bbox 1066 1243 1196 1279; x_wconf 89' lang='grc' dir='ltr'><em>καίτοι</em></span> <span class='ocrx_word' id='word_1_165' title='bbox 1230 1242 1322 1286; x_wconf 79' lang='grc' dir='ltr'><em>εἰκός</em></span> <span class='ocrx_word' id='word_1_166' title='bbox 1355 1245 1388 1290; x_wconf 77' lang='grc' dir='ltr'><em>γ’</em></span> <span class='ocrx_word' id='word_1_167' title='bbox 1415 1242 1460 1286; x_wconf 69' lang='grc' dir='ltr'><em>ἦν</em></span> 
     </span>
     <span class='ocr_line' id='line_1_18' title="bbox 139 1300 1460 1354; baseline 0 -15"><span class='ocrx_word' id='word_1_168' title='bbox 139 1303 261 1340; x_wconf 82' lang='grc' dir='ltr'><em>αὐτὸν</em></span> <span class='ocrx_word' id='word_1_169' title='bbox 293 1303 423 1346; x_wconf 81' lang='grc' dir='ltr'><em>εἰπεῖν,</em></span> <span class='ocrx_word' id='word_1_170' title='bbox 451 1301 477 1338; x_wconf 82' lang='grc' dir='ltr'><em>ὦ</em></span> <span class='ocrx_word' id='word_1_171' title='bbox 503 1301 540 1338; x_wconf 80' lang='grc' dir='ltr'><em>ἄ.</em></span> <span class='ocrx_word' id='word_1_172' title='bbox 569 1303 639 1346; x_wconf 84' lang='grc' dir='ltr'><em>Ἀ.,</em></span> <span class='ocrx_word' id='word_1_173' title='bbox 669 1302 731 1339; x_wconf 78' lang='grc' dir='ltr'><em>«τί</em></span> <span class='ocrx_word' id='word_1_174' title='bbox 762 1316 804 1348; x_wconf 83' lang='grc' dir='ltr'><em>με</em></span> <span class='ocrx_word' id='word_1_175' title='bbox 838 1305 1053 1354; x_wconf 81' lang='grc' dir='ltr'><em>προςκαλεῖ,</em></span> <span class='ocrx_word' id='word_1_176' title='bbox 1089 1300 1287 1354; x_wconf 59' lang='grc' dir='ltr'><em>ἄνθρωπε,-</em></span> <span class='ocrx_word' id='word_1_177' title='bbox 1323 1303 1460 1340; x_wconf 80' lang='grc' dir='ltr'><em>ἀποδέ-</em></span> 
     </span>
     <span class='ocr_line' id='line_1_19' title="bbox 140 1361 1460 1414; baseline 0.002 -16"><span class='ocrx_word' id='word_1_178' title='bbox 140 1364 242 1398; x_wconf 80' lang='grc' dir='ltr'><em>δωκα</em></span> <span class='ocrx_word' id='word_1_179' title='bbox 268 1361 339 1412; x_wconf 79' lang='grc' dir='ltr'><em>γὰρ</em></span> <span class='ocrx_word' id='word_1_180' title='bbox 366 1362 496 1410; x_wconf 85' lang='grc' dir='ltr'><em>τούτῳ</em></span> <span class='ocrx_word' id='word_1_181' title='bbox 514 1368 570 1410; x_wconf 80' lang='grc' dir='ltr'><em>τῷ</em></span> <span class='ocrx_word' id='word_1_182' title='bbox 597 1362 858 1411; x_wconf 78' lang='grc' dir='ltr'><em>παρεστηκότι</em></span> <span class='ocrx_word' id='word_1_183' title='bbox 877 1363 924 1398; x_wconf 82' lang='grc' dir='ltr'><em>τὸ</em></span> <span class='ocrx_word' id='word_1_184' title='bbox 951 1363 1144 1414; x_wconf 85' lang='grc' dir='ltr'><em>χρυσίον».</em></span> <span class='ocrx_word' id='word_1_185' title='bbox 1187 1362 1231 1399; x_wconf 80' lang='lat' dir='ltr'><em>In</em></span> <span class='ocrx_word' id='word_1_186' title='bbox 1257 1363 1460 1400; x_wconf 82' lang='lat' dir='ltr'>rarioribus</span> 
     </span>
     <span class='ocr_line' id='line_1_20' title="bbox 139 1421 1461 1473; baseline 0.001 -14"><span class='ocrx_word' id='word_1_187' title='bbox 139 1425 265 1459; x_wconf 86' lang='lat' dir='ltr'>autem</span> <span class='ocrx_word' id='word_1_188' title='bbox 291 1421 387 1459; x_wconf 84' lang='lat' dir='ltr'>haec</span> <span class='ocrx_word' id='word_1_189' title='bbox 412 1421 536 1471; x_wconf 85' lang='lat' dir='ltr'>figura</span> <span class='ocrx_word' id='word_1_190' title='bbox 562 1424 620 1459; x_wconf 91' lang='lat' dir='ltr'><em>est</em></span> <span class='ocrx_word' id='word_1_191' title='bbox 646 1421 892 1471; x_wconf 87' lang='lat' dir='ltr'>numeranda,</span> <span class='ocrx_word' id='word_1_192' title='bbox 912 1421 1012 1472; x_wconf 91' lang='lat' dir='ltr'>quod</span> <span class='ocrx_word' id='word_1_193' title='bbox 1039 1421 1190 1471; x_wconf 91' lang='lat' dir='ltr'>quidem</span> <span class='ocrx_word' id='word_1_194' title='bbox 1218 1421 1266 1459; x_wconf 89' lang='lat' dir='ltr'>ad</span> <span class='ocrx_word' id='word_1_195' title='bbox 1292 1422 1461 1473; x_wconf 85' lang='lat' dir='ltr'>priuatas</span> 
     </span>
     <span class='ocr_line' id='line_1_21' title="bbox 139 1482 815 1520; baseline -0.001 0"><span class='ocrx_word' id='word_1_196' title='bbox 139 1482 405 1520; x_wconf 79' lang='lat' dir='ltr'>Demosthenis</span> <span class='ocrx_word' id='word_1_197' title='bbox 431 1482 618 1519; x_wconf 89' lang='lat' dir='ltr'>orationes</span> <span class='ocrx_word' id='word_1_198' title='bbox 645 1482 815 1519; x_wconf 81' lang='lat' dir='ltr'>attineat.</span> 
     </span>
    </p>

    <p class='ocr_par' dir='ltr' id='par_1_7' title="bbox 138 1541 1461 1831">
     <span class='ocr_line' id='line_1_22' title="bbox 238 1541 1461 1593; baseline 0.002 -15"><span class='ocrx_word' id='word_1_199' title='bbox 238 1541 386 1579; x_wconf 89' lang='lat' dir='ltr'>Deinde</span> <span class='ocrx_word' id='word_1_200' title='bbox 413 1541 452 1578; x_wconf 92' lang='lat' dir='ltr'>in</span> <span class='ocrx_word' id='word_1_201' title='bbox 482 1542 649 1579; x_wconf 87' lang='lat' dir='ltr'>oratione</span> <span class='ocrx_word' id='word_1_202' title='bbox 675 1541 881 1579; x_wconf 92' lang='lat' dir='ltr'><strong>XXXIIII.</strong></span> <span class='ocrx_word' id='word_1_203' title='bbox 908 1543 1138 1593; x_wconf 77' lang='grc' dir='ltr'><em>ὑποφορά</em></span> <span class='ocrx_word' id='word_1_204' title='bbox 1174 1543 1254 1580; x_wconf 90' lang='lat' dir='ltr'>siue</span> <span class='ocrx_word' id='word_1_205' title='bbox 1281 1543 1461 1580; x_wconf 87' lang='lat' dir='ltr'>subiectio</span> 
     </span>
     <span class='ocr_line' id='line_1_23' title="bbox 138 1600 1461 1654; baseline -0.002 -14"><span class='ocrx_word' id='word_1_206' title='bbox 138 1602 196 1640; x_wconf 86' lang='lat' dir='ltr'>bis</span> <span class='ocrx_word' id='word_1_207' title='bbox 222 1605 280 1640; x_wconf 80' lang='lat' dir='ltr'><em>est</em></span> <span class='ocrx_word' id='word_1_208' title='bbox 305 1605 505 1652; x_wconf 81' lang='lat' dir='ltr'>usurpata:</span> <span class='ocrx_word' id='word_1_209' title='bbox 540 1600 593 1649; x_wconf 68' lang='grc' dir='ltr'><em>ἓξ.</em></span> <span class='ocrx_word' id='word_1_210' title='bbox 620 1603 669 1639; x_wconf 91' lang='grc'><em>32</em></span> <span class='ocrx_word' id='word_1_211' title='bbox 695 1605 715 1647; x_wconf 84' lang='grc' dir='ltr'>ἡ</span> <span class='ocrx_word' id='word_1_212' title='bbox 741 1602 812 1653; x_wconf 77' lang='grc' dir='ltr'><em>γὰρ</em></span> <span class='ocrx_word' id='word_1_213' title='bbox 840 1604 1041 1654; x_wconf 79' lang='grc' dir='ltr'><em>συγγραφή</em></span> <span class='ocrx_word' id='word_1_214' title='bbox 1077 1617 1133 1650; x_wconf 89' lang='grc' dir='ltr'><em>με,</em></span> <span class='ocrx_word' id='word_1_215' title='bbox 1162 1604 1269 1650; x_wconf 76' lang='grc' dir='ltr'><em>φησὶ,</em></span> <span class='ocrx_word' id='word_1_216' title='bbox 1296 1609 1350 1652; x_wconf 85' lang='grc' dir='ltr'><em>τῷ</em></span> <span class='ocrx_word' id='word_1_217' title='bbox 1371 1618 1461 1641; x_wconf 85' lang='grc' dir='ltr'><em>ναυ-</em></span> 
     </span>
     <span class='ocr_line' id='line_1_24' title="bbox 139 1662 1461 1712; baseline 0.002 -15"><span class='ocrx_word' id='word_1_218' title='bbox 139 1664 256 1711; x_wconf 84' lang='grc' dir='ltr'><em>κλήρῳ</em></span> <span class='ocrx_word' id='word_1_219' title='bbox 291 1662 454 1698; x_wconf 82' lang='grc' dir='ltr'><em>ἐκέλευεν</em></span> <span class='ocrx_word' id='word_1_220' title='bbox 490 1662 711 1697; x_wconf 79' lang='grc' dir='ltr'><em>ἀποδοῦναι</em></span> <span class='ocrx_word' id='word_1_221' title='bbox 746 1662 793 1697; x_wconf 85' lang='grc' dir='ltr'><em>τὸ</em></span> <span class='ocrx_word' id='word_1_222' title='bbox 828 1663 988 1712; x_wconf 85' lang='grc' dir='ltr'><em>χρυσίον</em></span> <span class='ocrx_word' id='word_1_223' title='bbox 1016 1665 1053 1698; x_wconf 82' lang='lat' dir='ltr'>et</span> <span class='ocrx_word' id='word_1_224' title='bbox 1087 1663 1135 1699; x_wconf 91' lang='lat'><em>33</em></span> <span class='ocrx_word' id='word_1_225' title='bbox 1170 1662 1266 1710; x_wconf 77' lang='grc' dir='ltr'><em>λέγει</em></span> <span class='ocrx_word' id='word_1_226' title='bbox 1300 1663 1333 1697; x_wconf 86' lang='grc' dir='ltr'><em>δ’</em></span> <span class='ocrx_word' id='word_1_227' title='bbox 1362 1666 1407 1707; x_wconf 78' lang='grc' dir='ltr'><em>ὡς</em></span> <span class='ocrx_word' id='word_1_228' title='bbox 1441 1666 1461 1706; x_wconf 77' lang='grc' dir='ltr'><em>ἡ</em></span> 
     </span>
     <span class='ocr_line' id='line_1_25' title="bbox 139 1720 1461 1774; baseline 0.003 -18"><span class='ocrx_word' id='word_1_229' title='bbox 139 1720 341 1774; x_wconf 76' lang='grc' dir='ltr'><em>συγγραφὴ</em></span> <span class='ocrx_word' id='word_1_230' title='bbox 378 1721 561 1765; x_wconf 57' lang='grc' dir='ltr'><em>σωθείσης</em></span> <span class='ocrx_word' id='word_1_231' title='bbox 595 1726 661 1766; x_wconf 80' lang='grc' dir='ltr'><em>τῆς</em></span> <span class='ocrx_word' id='word_1_232' title='bbox 694 1722 784 1766; x_wconf 81' lang='grc' dir='ltr'><em>νεὼς</em></span> <span class='ocrx_word' id='word_1_233' title='bbox 824 1722 948 1759; x_wconf 81' lang='grc' dir='ltr'><em>αὐτὸν</em></span> <span class='ocrx_word' id='word_1_234' title='bbox 982 1722 1203 1760; x_wconf 80' lang='grc' dir='ltr'><em>ἀποδοῦναι</em></span> <span class='ocrx_word' id='word_1_235' title='bbox 1237 1723 1374 1760; x_wconf 82' lang='grc' dir='ltr'><em>κελεύει</em></span> <span class='ocrx_word' id='word_1_236' title='bbox 1407 1725 1461 1760; x_wconf 88' lang='grc' dir='ltr'><em>τὰ</em></span> 
     </span>
     <span class='ocr_line' id='line_1_26' title="bbox 139 1781 330 1831; baseline 0 -15"><span class='ocrx_word' id='word_1_237' title='bbox 139 1781 330 1831; x_wconf 82' lang='grc' dir='ltr'><em>χρήματα.</em></span> 
     </span>
    </p>

    <p class='ocr_par' dir='ltr' id='par_1_8' title="bbox 139 1844 1462 2131">
     <span class='ocr_line' id='line_1_27' title="bbox 224 1844 1461 1897; baseline 0.001 -15"><span class='ocrx_word' id='word_1_238' title='bbox 224 1844 337 1883; x_wconf 71' lang='lat' dir='ltr'>‘Tum</span> <span class='ocrx_word' id='word_1_239' title='bbox 364 1846 608 1897; x_wconf 84' lang='grc' dir='ltr'><em>εἰρωνείαν</em></span> <span class='ocrx_word' id='word_1_240' title='bbox 636 1845 706 1884; x_wconf 87' lang='lat' dir='ltr'><em>hoc</em></span> <span class='ocrx_word' id='word_1_241' title='bbox 724 1846 874 1897; x_wconf 84' lang='lat' dir='ltr'>repperi</span> <span class='ocrx_word' id='word_1_242' title='bbox 892 1847 992 1885; x_wconf 86' lang='lat' dir='ltr'>loco:</span> <span class='ocrx_word' id='word_1_243' title='bbox 1020 1846 1074 1894; x_wconf 67' lang='grc' dir='ltr'><em>ἓξ.</em></span> <span class='ocrx_word' id='word_1_244' title='bbox 1093 1848 1141 1885; x_wconf 87' lang='lat'><em>35</em></span> <span class='ocrx_word' id='word_1_245' title='bbox 1161 1848 1226 1884; x_wconf 87' lang='grc' dir='ltr'><em>καὶ</em></span> <span class='ocrx_word' id='word_1_246' title='bbox 1245 1851 1265 1885; x_wconf 85' lang='grc' dir='ltr'>ὁ</span> <span class='ocrx_word' id='word_1_247' title='bbox 1292 1848 1461 1896; x_wconf 78' lang='grc' dir='ltr'><em>Λάμπις,</em></span> 
     </span>
     <span class='ocr_line' id='line_1_28' title="bbox 140 1902 1461 1958; baseline 0.002 -17"><span class='ocrx_word' id='word_1_248' title='bbox 140 1902 216 1941; x_wconf 84' lang='grc' dir='ltr'><em>ὅσα</em></span> <span class='ocrx_word' id='word_1_249' title='bbox 243 1906 308 1954; x_wconf 82' lang='grc' dir='ltr'><em>μὲν</em></span> <span class='ocrx_word' id='word_1_250' title='bbox 336 1906 417 1942; x_wconf 86' lang='grc' dir='ltr'><em>εἷπε</em></span> <span class='ocrx_word' id='word_1_251' title='bbox 449 1907 542 1956; x_wconf 88' lang='grc' dir='ltr'><em>πρὸς</em></span> <span class='ocrx_word' id='word_1_252' title='bbox 577 1907 649 1954; x_wconf 80' lang='grc' dir='ltr'><em>ἐμὲ,</em></span> <span class='ocrx_word' id='word_1_253' title='bbox 677 1907 767 1956; x_wconf 83' lang='grc' dir='ltr'><em>πρὶν</em></span> <span class='ocrx_word' id='word_1_254' title='bbox 793 1908 869 1943; x_wconf 71' lang='grc' dir='ltr'><em>’ὑπὸ</em></span> <span class='ocrx_word' id='word_1_255' title='bbox 904 1910 1051 1944; x_wconf 78' lang='grc' dir='ltr'><em>τούτου</em></span> <span class='ocrx_word' id='word_1_256' title='bbox 1086 1909 1366 1958; x_wconf 55' lang='grc' dir='ltr'><em>διαφθαρῆναι,</em></span> <span class='ocrx_word' id='word_1_257' title='bbox 1394 1910 1461 1943; x_wconf 63' lang='grc' dir='ltr'><em>οὐκ</em></span> 
     </span>
     <span class='ocr_line' id='line_1_29' title="bbox 140 1963 1462 2016; baseline 0.002 -16"><span class='ocrx_word' id='word_1_258' title='bbox 140 1965 245 2008; x_wconf 80' lang='grc' dir='ltr'><em>ἐντὸς</em></span> <span class='ocrx_word' id='word_1_259' title='bbox 273 1963 324 2001; x_wconf 69' lang='grc' dir='ltr'><em>(ὃν</em></span> <span class='ocrx_word' id='word_1_260' title='bbox 358 1968 481 2001; x_wconf 74' lang='grc' dir='ltr'><em>αὑτοῦ</em></span> <span class='ocrx_word' id='word_1_261' title='bbox 513 1971 633 2013; x_wconf 73' lang='grc' dir='ltr'><em>φησιν</em></span> <span class='ocrx_word' id='word_1_262' title='bbox 660 1967 789 2003; x_wconf 70' lang='grc' dir='ltr'><em>εἰπεῖν’</em></span> <span class='ocrx_word' id='word_1_263' title='bbox 818 1967 945 2009; x_wconf 71' lang='grc' dir='ltr'><em>ἐπειδὴ</em></span> <span class='ocrx_word' id='word_1_264' title='bbox 981 1966 1020 2003; x_wconf 87' lang='grc' dir='ltr'><em>δὲ</em></span> <span class='ocrx_word' id='word_1_265' title='bbox 1046 1967 1093 2002; x_wconf 88' lang='grc' dir='ltr'><em>τὸ</em></span> <span class='ocrx_word' id='word_1_266' title='bbox 1128 1969 1288 2016; x_wconf 83' lang='grc' dir='ltr'><em>χρυσίον</em></span> <span class='ocrx_word' id='word_1_267' title='bbox 1314 1967 1462 2014; x_wconf 79' lang='grc' dir='ltr'><em>τούμὸν</em></span> 
     </span>
     <span class='ocr_line' id='line_1_30' title="bbox 139 2024 1460 2076; baseline 0.002 -17"><span class='ocrx_word' id='word_1_268' title='bbox 139 2024 356 2074; x_wconf 82' lang='grc' dir='ltr'><em>ἐμερίσατο,</em></span> <span class='ocrx_word' id='word_1_269' title='bbox 382 2025 468 2061; x_wconf 84' lang='grc' dir='ltr'><em>τότ’</em></span> <span class='ocrx_word' id='word_1_270' title='bbox 498 2026 605 2070; x_wconf 81' lang='grc' dir='ltr'><em>ἐντὸς</em></span> <span class='ocrx_word' id='word_1_271' title='bbox 642 2026 738 2062; x_wconf 83' lang='grc' dir='ltr'><em>εἶναί</em></span> <span class='ocrx_word' id='word_1_272' title='bbox 766 2033 883 2073; x_wconf 80' lang='grc' dir='ltr'><em>φησιν</em></span> <span class='ocrx_word' id='word_1_273' title='bbox 912 2029 1035 2062; x_wconf 70' lang='grc' dir='ltr'><em>αὑτοῦ</em></span> <span class='ocrx_word' id='word_1_274' title='bbox 1068 2027 1131 2062; x_wconf 81' lang='grc' dir='ltr'><em>καὶ</em></span> <span class='ocrx_word' id='word_1_275' title='bbox 1157 2027 1278 2063; x_wconf 85' lang='grc' dir='ltr'><em>πάντ’</em></span> <span class='ocrx_word' id='word_1_276' title='bbox 1306 2028 1460 2076; x_wconf 77' lang='grc' dir='ltr'><em>ἀκριβῶς</em></span> 
     </span>
     <span class='ocr_line' id='line_1_31' title="bbox 141 2085 393 2131; baseline 0 -12"><span class='ocrx_word' id='word_1_277' title='bbox 141 2085 393 2131; x_wconf 76' lang='grc' dir='ltr'><em>μνημονεύειν.</em></span> 
     </span>
    </p>

    <p class='ocr_par' dir='ltr' id='par_1_9' title="bbox 139 2143 1464 2618">
     <span class='ocr_line' id='line_1_32' title="bbox 239 2143 1462 2197; baseline 0.002 -15"><span class='ocrx_word' id='word_1_278' title='bbox 239 2143 665 2195; x_wconf 85' lang='lat' dir='ltr'>Interrogationes</span> <span class='ocrx_word' id='word_1_279' title='bbox 698 2159 809 2197; x_wconf 90' lang='lat' dir='ltr'>porro</span> <span class='ocrx_word' id='word_1_280' title='bbox 843 2146 881 2183; x_wconf 93' lang='lat' dir='ltr'>in</span> <span class='ocrx_word' id='word_1_281' title='bbox 912 2146 1080 2184; x_wconf 90' lang='lat' dir='ltr'>oratione</span> <span class='ocrx_word' id='word_1_282' title='bbox 1111 2145 1327 2194; x_wconf 90' lang='lat' dir='ltr'><strong>XXXIIII.‚</strong></span> <span class='ocrx_word' id='word_1_283' title='bbox 1353 2146 1462 2183; x_wconf 84' lang='lat' dir='ltr'>sicuti</span> 
     </span>
     <span class='ocr_line' id='line_1_33' title="bbox 139 2202 1462 2257; baseline 0.002 -16"><span class='ocrx_word' id='word_1_284' title='bbox 139 2202 178 2241; x_wconf 89' lang='lat' dir='ltr'>in</span> <span class='ocrx_word' id='word_1_285' title='bbox 211 2203 478 2244; x_wconf 87' lang='lat' dir='ltr'>Demosthenis</span> <span class='ocrx_word' id='word_1_286' title='bbox 515 2206 746 2244; x_wconf 87' lang='lat' dir='ltr'>orationibus</span> <span class='ocrx_word' id='word_1_287' title='bbox 780 2206 965 2256; x_wconf 86' lang='lat' dir='ltr'>genuinis,</span> <span class='ocrx_word' id='word_1_288' title='bbox 1000 2211 1086 2244; x_wconf 87' lang='lat' dir='ltr'>sunt</span> <span class='ocrx_word' id='word_1_289' title='bbox 1120 2207 1462 2257; x_wconf 53' lang='lat' dir='ltr'>frequentissimam</span> 
     </span>
     <span class='ocr_line' id='line_1_34' title="bbox 140 2264 1461 2317; baseline 0.002 -15"><span class='ocrx_word' id='word_1_290' title='bbox 140 2264 186 2302; x_wconf 82' lang='lat' dir='ltr'><em>cf.</em></span> <span class='ocrx_word' id='word_1_291' title='bbox 212 2264 265 2313; x_wconf 66' lang='grc' dir='ltr'><em>ἓξ.</em></span> <span class='ocrx_word' id='word_1_292' title='bbox 295 2268 352 2315; x_wconf 96' lang='grc'><em>14,</em></span> <span class='ocrx_word' id='word_1_293' title='bbox 382 2268 440 2316; x_wconf 85' lang='grc'><em>15,</em></span> <span class='ocrx_word' id='word_1_294' title='bbox 467 2268 525 2316; x_wconf 83' lang='grc'><em>17,</em></span> <span class='ocrx_word' id='word_1_295' title='bbox 553 2268 600 2305; x_wconf 87' lang='grc'><em>25</em></span> <span class='ocrx_word' id='word_1_296' title='bbox 627 2267 696 2315; x_wconf 81' lang='lat' dir='ltr'>bis,</span> <span class='ocrx_word' id='word_1_297' title='bbox 722 2268 782 2316; x_wconf 84' lang='grc'><em>26,</em></span> <span class='ocrx_word' id='word_1_298' title='bbox 811 2269 856 2305; x_wconf 82' lang='grc'><em>27</em></span> <span class='ocrx_word' id='word_1_299' title='bbox 885 2267 954 2315; x_wconf 85' lang='lat' dir='ltr'>bis,</span> <span class='ocrx_word' id='word_1_300' title='bbox 983 2269 1042 2317; x_wconf 79' lang='grc'><em>28,</em></span> <span class='ocrx_word' id='word_1_301' title='bbox 1070 2269 1117 2305; x_wconf 86' lang='grc'><em>29</em></span> <span class='ocrx_word' id='word_1_302' title='bbox 1136 2268 1205 2316; x_wconf 84' lang='lat' dir='ltr'>bis,</span> <span class='ocrx_word' id='word_1_303' title='bbox 1232 2269 1292 2317; x_wconf 89' lang='grc'><em>30,</em></span> <span class='ocrx_word' id='word_1_304' title='bbox 1320 2269 1380 2316; x_wconf 89' lang='grc'><em>33,</em></span> <span class='ocrx_word' id='word_1_305' title='bbox 1401 2268 1461 2315; x_wconf 88' lang='grc'><em>43,</em></span> 
     </span>
     <span class='ocr_line' id='line_1_35' title="bbox 140 2325 1463 2376; baseline 0.001 -14"><span class='ocrx_word' id='word_1_306' title='bbox 140 2326 186 2362; x_wconf 80' lang='grc'><em>47</em></span> <span class='ocrx_word' id='word_1_307' title='bbox 214 2325 284 2374; x_wconf 91' lang='lat' dir='ltr'>bis,</span> <span class='ocrx_word' id='word_1_308' title='bbox 311 2328 372 2375; x_wconf 85' lang='grc'><em>48,</em></span> <span class='ocrx_word' id='word_1_309' title='bbox 399 2328 459 2364; x_wconf 86' lang='grc'><em>49.</em></span> <span class='ocrx_word' id='word_1_310' title='bbox 511 2327 586 2365; x_wconf 82' lang='lat' dir='ltr'>Sed</span> <span class='ocrx_word' id='word_1_311' title='bbox 612 2330 741 2365; x_wconf 89' lang='lat' dir='ltr'>tamen</span> <span class='ocrx_word' id='word_1_312' title='bbox 775 2327 824 2365; x_wconf 88' lang='lat' dir='ltr'>ab</span> <span class='ocrx_word' id='word_1_313' title='bbox 851 2327 910 2365; x_wconf 93' lang='lat' dir='ltr'>his</span> <span class='ocrx_word' id='word_1_314' title='bbox 936 2328 1002 2365; x_wconf 87' lang='lat' dir='ltr'>illa</span> <span class='ocrx_word' id='word_1_315' title='bbox 1034 2327 1160 2365; x_wconf 87' lang='lat' dir='ltr'>differt</span> <span class='ocrx_word' id='word_1_316' title='bbox 1191 2339 1246 2374; x_wconf 87' lang='lat' dir='ltr'>eo,</span> <span class='ocrx_word' id='word_1_317' title='bbox 1273 2327 1371 2376; x_wconf 90' lang='lat' dir='ltr'>quod</span> <span class='ocrx_word' id='word_1_318' title='bbox 1397 2327 1463 2364; x_wconf 92' lang='lat' dir='ltr'>uni</span> 
     </span>
     <span class='ocr_line' id='line_1_36' title="bbox 139 2386 1463 2439; baseline 0.002 -17"><span class='ocrx_word' id='word_1_319' title='bbox 139 2388 288 2424; x_wconf 89' lang='lat' dir='ltr'>tantum</span> <span class='ocrx_word' id='word_1_320' title='bbox 313 2387 599 2438; x_wconf 86' lang='lat' dir='ltr'>interrogationi</span> <span class='ocrx_word' id='word_1_321' title='bbox 621 2388 659 2426; x_wconf 90' lang='lat' dir='ltr'>in</span> <span class='ocrx_word' id='word_1_322' title='bbox 688 2401 734 2426; x_wconf 86' lang='lat' dir='ltr'><em>ea</em></span> <span class='ocrx_word' id='word_1_323' title='bbox 761 2388 943 2426; x_wconf 77' lang='lat' dir='ltr'>subicitur</span> <span class='ocrx_word' id='word_1_324' title='bbox 971 2388 1175 2439; x_wconf 86' lang='lat' dir='ltr'>responsio,</span> <span class='ocrx_word' id='word_1_325' title='bbox 1194 2388 1240 2425; x_wconf 86' lang='lat' dir='ltr'>ef.</span> <span class='ocrx_word' id='word_1_326' title='bbox 1267 2386 1298 2435; x_wconf 68' lang='grc' dir='ltr'><em>ξ.</em></span> <span class='ocrx_word' id='word_1_327' title='bbox 1326 2388 1373 2425; x_wconf 86' lang='grc'><em>50</em></span> <span class='ocrx_word' id='word_1_328' title='bbox 1401 2403 1463 2436; x_wconf 79' lang='grc' dir='ltr'><em>μη-</em></span> 
     </span>
     <span class='ocr_line' id='line_1_37' title="bbox 141 2438 1463 2498; baseline 0.002 -17"><span class='ocrx_word' id='word_1_329' title='bbox 141 2445 263 2493; x_wconf 75' lang='grc' dir='ltr'><em>δαμῶς</em></span> <span class='ocrx_word' id='word_1_330' title='bbox 291 2447 318 2483; x_wconf 75' lang='grc' dir='ltr'><em>ὦ</em></span> <span class='ocrx_word' id='word_1_331' title='bbox 346 2447 382 2484; x_wconf 79' lang='grc' dir='ltr'><em>ἄ.</em></span> <span class='ocrx_word' id='word_1_332' title='bbox 411 2438 458 2492; x_wconf 62' lang='grc' dir='ltr'><em>δ’ἷ,</em></span> <span class='ocrx_word' id='word_1_333' title='bbox 486 2461 569 2485; x_wconf 88' lang='lat' dir='ltr'><em>cum</em></span> <span class='ocrx_word' id='word_1_334' title='bbox 604 2448 642 2485; x_wconf 94' lang='lat' dir='ltr'>in</span> <span class='ocrx_word' id='word_1_335' title='bbox 677 2448 944 2486; x_wconf 87' lang='lat' dir='ltr'>Demosthenis</span> <span class='ocrx_word' id='word_1_336' title='bbox 979 2448 1210 2486; x_wconf 87' lang='lat' dir='ltr'>orationibus</span> <span class='ocrx_word' id='word_1_337' title='bbox 1244 2447 1463 2498; x_wconf 86' lang='lat' dir='ltr'>saepissime</span> 
     </span>
     <span class='ocr_line' id='line_1_38' title="bbox 141 2507 1463 2558; baseline 0.002 -16"><span class='ocrx_word' id='word_1_338' title='bbox 141 2507 402 2556; x_wconf 88' lang='lat' dir='ltr'>responsiones</span> <span class='ocrx_word' id='word_1_339' title='bbox 441 2508 641 2557; x_wconf 86' lang='lat' dir='ltr'>addantur,</span> <span class='ocrx_word' id='word_1_340' title='bbox 674 2510 780 2547; x_wconf 93' lang='lat' dir='ltr'>uelut</span> <span class='ocrx_word' id='word_1_341' title='bbox 816 2507 920 2558; x_wconf 76' lang='grc' dir='ltr'><em>ἔγωγ’</em></span> <span class='ocrx_word' id='word_1_342' title='bbox 946 2509 1054 2556; x_wconf 80' lang='grc' dir='ltr'><em>οἶμαι</em></span> <span class='ocrx_word' id='word_1_343' title='bbox 1089 2508 1257 2546; x_wconf 90' lang='lat' dir='ltr'><strong>XXIIII.</strong></span> <span class='ocrx_word' id='word_1_344' title='bbox 1292 2509 1351 2556; x_wconf 81' lang='lat'><em>57,</em></span> <span class='ocrx_word' id='word_1_345' title='bbox 1381 2509 1463 2556; x_wconf 77' lang='lat'>137,</span> 
     </span>
     <span class='ocr_line' id='line_1_39' title="bbox 142 2566 1464 2618; baseline 0.002 -16"><span class='ocrx_word' id='word_1_346' title='bbox 142 2566 209 2612; x_wconf 73' lang='grc' dir='ltr'><em>ἐγὼ</em></span> <span class='ocrx_word' id='word_1_347' title='bbox 229 2568 292 2615; x_wconf 72' lang='grc' dir='ltr'><em>μὲν</em></span> <span class='ocrx_word' id='word_1_348' title='bbox 311 2567 413 2618; x_wconf 76' lang='grc' dir='ltr'><em>(γὰρ)</em></span> <span class='ocrx_word' id='word_1_349' title='bbox 432 2569 539 2617; x_wconf 83' lang='grc' dir='ltr'><em>οἶμαι</em></span> <span class='ocrx_word' id='word_1_350' title='bbox 558 2568 688 2606; x_wconf 92' lang='grc' dir='ltr'><strong>ΧΙΙΙΙ.</strong></span> <span class='ocrx_word' id='word_1_351' title='bbox 710 2570 767 2617; x_wconf 85' lang='grc'><em>12,</em></span> <span class='ocrx_word' id='word_1_352' title='bbox 786 2568 953 2606; x_wconf 84' lang='lat' dir='ltr'><strong>XVIIII.</strong></span> <span class='ocrx_word' id='word_1_353' title='bbox 972 2570 1057 2616; x_wconf 82' lang='lat'><em>294,</em></span> <span class='ocrx_word' id='word_1_354' title='bbox 1075 2568 1202 2605; x_wconf 91' lang='lat' dir='ltr'><strong>XXII.</strong></span> <span class='ocrx_word' id='word_1_355' title='bbox 1222 2569 1279 2615; x_wconf 72' lang='lat'><em>71,</em></span> <span class='ocrx_word' id='word_1_356' title='bbox 1297 2567 1464 2604; x_wconf 88' lang='lat' dir='ltr'><strong>XXIIII.</strong></span> 
     </span>
    </p>
   </div>
   <div class='ocr_carea' id='block_1_5' title="bbox 1264 2648 1283 2669">
    <p class='ocr_par' dir='ltr' id='par_1_10' title="bbox 1264 2648 1283 2669">
     <span class='ocr_line' id='line_1_40' title="bbox 1264 2648 1283 2669; baseline 0 0"><span class='ocrx_word' id='word_1_357' title='bbox 1264 2648 1283 2669; x_wconf 73' lang='lat' dir='ltr'>D</span> 
     </span>
    </p>
   </div>
  </div>
 </body>
</html>
