1783 2980
703 219 746 223 -
803 198 948 233 35-

172 318 325 354 ‘cafi‘ta5
353 308 558 346 XXXVII.
585 309 645 356 50,
663 309 704 344 τί
729 307 876 343 τούτου
897 316 1067 355 σημεῖον,
1095 306 1341 345 XXXVIIII.
1366 308 1425 354 35,
1443 313 1498 355 τῷ

172 377 291 407 τοῦτο
322 370 454 411 δῆλον,
487 368 654 404 XVIIII.
685 369 744 415 60,
776 367 922 404 XXIII.
955 369 1016 414 45,
1042 366 1164 404 LVII.
1199 369 1259 414 61,
1291 373 1361 403 νῦν
1387 368 1426 402 δὲ
1452 369 1494 402 τί

172 434 374 472 ποιοῦσιν,·
401 427 568 466 XXVII.
603 429 663 476 38,
695 428 759 463 καὶ
789 427 830 463 τί
856 435 977 471 ποιεῖς
1004 426 1150 465 XXXI.
1183 429 1216 476 3,
1241 426 1363 465 LVII.
1391 429 1425 475 8,
1452 426 1493 462 τί

172 490 310 532 ἐποίεις
338 488 466 526 VIIII.
502 489 559 536 15,
588 488 698 524 οὗτοι
731 488 771 524 δὲ
796 488 837 524 τί,
868 493 1051 524 ποιοῦσιν
1077 490 1113 523 οἱ
1140 487 1270 535 νόμοι,-
1298 487 1406 524 XXI.
1433 489 1493 534 30,

170 549 274 592 τίνος
301 547 371 583 οὖν
398 547 493 595 ἕνεχ’
512 550 601 594 ὑμῖν
624 549 740 582 ταῦτ’
759 548 884 590 elatem
912 546 1097 584 XXXXI.
1117 548 1151 594 5,
1170 547 1275 590 τίνος
1295 546 1364 582 οὖν
1385 545 1494 583 ἕνεκα

171 615 303 645 ταῦτα
329 609 439 654 λέγω,
468 607 559 644 IIII.
590 609 623 655 3,
648 606 753 650 τίνος
780 607 851 657 γὰρ
878 604 969 644 ἕνεκ’
988 605 1167 650 ἔπειθον,-
1195 607 1400 645 XXXVII.
1432 608 1493 654 27,

171 673 243 713 πῶς
262 669 352 719 γάρς
380 668 486 705 ΧΧΙ.
506 670 591 714 217,
614 667 780 704 XXIIII.
800 669 860 715 35,
878 667 1083 704 XXXVII.
1102 669 1160 714 26,
1185 668 1412 705 XXXVIII.
1434 670 1494 714 24,

170 734 243 772 πῶς
270 727 341 778 γὰρ
361 725 426 771 οὗ,
454 727 621 779 XVIIII.
647 727 707 775 67,
726 733 797 771 πῶς
817 727 898 770 οὗν,-
927 726 1094 764 XVIIII.
1115 728 1196 776 124,
1217 729 1303 775 323,
1325 727 1493 765 XXIIII.

171 790 231 836 92,
260 787 362 822 ἀλλὰ
389 792 482 831 πῶς,-
510 787 637 824 XXII.
665 788 723 835 51,
751 787 897 835 XXIII.
925 787 1178 835 31,‘XXIIII.
1209 789 1291 836 162,
1320 788 1493 836 διαφέρει

171 849 210 883 δὲ
236 848 295 890 τίς
324 847 432 883 VIII.
460 848 519 894 51,
546 847 693 883 XVIII.
711 847 796 893 205,
824 847 989 883 XXIIII.
1017 849 1077 894 83,
1103 848 1144 882 τί
1171 848 1336 890 δήποτε,
1364 847 1431 884 VI.
1458 849 1490 895 7,

170 907 336 945 XVIIII.
364 908 398 955 5,
429 908 512 954 164,
539 906 646 955 ΧΧΙ.
673 908 756 953 221,
782 906 929 944 XXIII.
957 907 1016 954 56,
1043 906 1109 943 ἵνα
1133 907 1172 942 τί
1182 923 1191 950 3
1219 907 1386 945 XVIIII.
1405 909 1490 955 257,

170 967 268 1017 λέγει
294 966 335 1002 δὲ
360 968 420 1009 τίς
449 966 596 1004 XXIII.
623 968 681 1013 30,
708 968 767 1014 46,
794 967 935 1011 πόθεν,
964 968 1004 1003 τί,
1030 969 1122 1018 πρὸς
1149 968 1307 1010 τούτοις
1336 966 1415 1010 ἔτι,
1444 968 1491 1004 al.

271 1031 332 1068 Ad
371 1035 583 1069 extremum
625 1033 951 1082 ἀποστροφῆς
991 1032 1070 1069 siue
1114 1032 1387 1069 auersionis
1425 1033 1492 1069 fiat

170 1092 323 1139 mentio,
350 1105 465 1141 quam
498 1092 660 1140 figuram
688 1104 710 1128 a
737 1090 993 1128 Demosthene
1029 1092 1247 1141 saepissime
1282 1091 1491 1129 adhibitam

171 1164 253 1188 esse
279 1151 462 1188 uidemus.
499 1151 543 1187 In
570 1151 738 1188 oratione
757 1150 964 1187 XXXIIII.
983 1163 1104 1188 sermo
1132 1163 1154 1188 a
1172 1151 1357 1188 iudicibus
1384 1164 1491 1188 auer-

169 1212 261 1249 titur
288 1211 390 1249 haud
416 1211 470 1248 ita
496 1224 593 1259 raro,
622 1211 667 1248 cf.
695 1210 748 1257 ἓξ.
767 1212 827 1258 26,
846 1212 985 1258 27,.28,
1005 1213 1065 1257 30,
1085 1213 1144 1257 31,
1172 1212 1231 1258 32,
1251 1213 1316 1257 333
1342 1224 1491 1248 uerum-

170 1276 297 1309 tamen
324 1284 408 1308 cum
443 1271 673 1309 orationibus
699 1284 790 1308 uere
817 1270 1119 1308 Demosthenicis
1150 1271 1238 1308 huic
1271 1271 1429 1308 orationi
1454 1271 1492 1308 id

169 1332 366 1369 intercedit
400 1331 633 1380 discriminis,
668 1330 784 1379 quod'
807 1331 845 1367 in
881 1344 926 1368 ea
961 1331 1201 1369 aduersarius
1240 1344 1309 1368 nec
1342 1331 1492 1369 nomine

170 1406 292 1443 neque
321 1393 404 1430 aliis
422 1392 711 1430 allocutionibus
730 1392 779 1429 ab
806 1395 954 1429 oratore
973 1392 1233 1441 compellatur,
1253 1393 1384 1442 quales
1407 1397 1493 1430 sunt

170 1452 197 1488 (3
225 1452 413 1499 βέλτιστε,
443 1452 469 1488 ὦ
490 1451 714 1502 φαυλότατ’
737 1452 965 1502 ἀνθρώπων,
994 1452 1021 1488 (5
1041 1452 1251 1500 κατάρατε,
1280 1451 1305 1487 ὦ
1332 1452 1492 1489 πάντων

170 1512 400 1557 ἀδικώτατε,
430 1511 456 1548 ὦ
485 1512 718 1562 μιαρώτατε,
747 1511 774 1548 ὦ
802 1511 1051 1560 συκοφάντα,
1080 1510 1107 1547 ὦ
1135 1512 1254 1560 μιαρὰ
1280 1513 1438 1558 κεφαλή,
1466 1511 1492 1548 (3

170 1571 262 1614 κακὴ
282 1573 442 1619 κεφαλή,
464 1571 491 1607 03
511 1571 667 1618 μάταιε,
687 1571 807 1619 simil.,
827 1584 911 1608 cum
926 1571 1174 1608 Demostheni
1197 1571 1267 1608 has
1285 1570 1493 1608 aduersarii

169 1631 420 1680 compellandi
453 1632 617 1669 rationes
651 1635 848 1680 tantopere
886 1632 924 1668 in
958 1631 1101 1669 deliciis
1136 1631 1252 1669 fuisse
1283 1631 1492 1679 uideamus,

169 1695 211 1728 ut
237 1692 381 1728 nullam
408 1692 588 1729 scriberet
615 1692 834 1739 orationem,
869 1692 906 1728 in
942 1703 1017 1740 qua
1051 1705 1125 1729 non
1159 1695 1330 1729 uteretur
1362 1704 1492 1729 earum

170 1751 291 1788 altera
318 1756 384 1788 aut
410 1755 583 1801 utraque.
621 1751 731 1789 Mitto
759 1751 894 1789 afferre
921 1752 991 1789 hoc
1018 1752 1098 1789 loco
1125 1751 1318 1800 ingentem
1346 1751 1492 1800 copiam

171 1812 442 1861 exemplorum,
484 1824 582 1861 quac
618 1812 656 1848 in
696 1812 855 1860 publicis
894 1812 1021 1848 insunt
1057 1812 1307 1849 orationibus:
1345 1815 1492 1848 tantum

169 1871 251 1909 dico
284 1872 323 1909 in
357 1885 433 1910 una
470 1872 538 1920 „de
573 1871 731 1910 corona“
770 1872 937 1910 oratione
972 1872 1057 1923 plus
1092 1884 1207 1920 quam
1239 1871 1494 1922 quadraginta

169 1933 330 1987 inueniri
355 1933 455 1970 locos
482 1933 556 1969 huc
581 1933 810 1978 referendos,
837 1932 891 1979 ἐξ.
917 1934 972 1980 11,
999 1934 1057 1979 21,
1084 1935 1145 1981 41,
1173 1934 1233 1979 49,
1260 1935 1319 1980 63,
1348 1934 1406 1979 66,
1434 1934 1492 1979 73,

171 1994 227 2040 76,
253 1994 313 2042 82,
341 1994 400 2041 97,
432 1994 513 2040 112,
542 1993 625 2041 113,
657 1994 737 2041 117,
766 1994 847 2040 120,
876 1994 942 2030 121
973 1992 1041 2041 bis,
1073 1994 1154 2041 124,
1184 1994 1266 2041 128,
1297 1994 1379 2041 162,
1410 1994 1491 2040 180,

173 2055 253 2098 191,
283 2055 365 2101 196,
396 2055 478 2100 199,
506 2054 591 2100 208,
618 2055 703 2101 209,
731 2055 815 2101 222,
842 2055 927 2101 238,
955 2055 1039 2101 244,
1065 2055 1150 2100 256,
1179 2055 1266 2100 257,
1294 2055 1379 2099 265,
1406 2054 1491 2099 270,

169 2114 242 2149 280
277 2113 347 2161 bis,
382 2114 467 2160 285,
505 2114 591 2161 289,
626 2114 699 2150 290
734 2114 802 2161 bis,
839 2115 924 2161 306,
959 2114 1045 2161 309,
1081 2114 1166 2161 312,
1201 2114 1286 2160 315,
1317 2115 1390 2149 318
1425 2112 1491 2148 bis.

168 2173 348 2211 Priuatae
387 2173 574 2211 orationes
615 2174 796 2212 minorem
831 2173 966 2211 harum
1001 2173 1270 2211 allocutionum
1310 2170 1492 2223 praebent

168 2246 379 2281 numerum,
420 2233 486 2270 sed
525 2234 631 2271 nulla
669 2238 821 2283 praeter
864 2235 1046 2271 tutelares
1090 2234 1144 2270 eis
1188 2234 1335 2271 omnino
1376 2237 1490 2279 caret,

168 2294 213 2331 cf.
240 2307 310 2332 orr.
342 2293 526 2332 XXXVI.
553 2295 601 2332 52
635 2294 660 2331 ὦ
687 2295 877 2342 βέλτιστε,
905 2293 1110 2332 XXXVII.
1137 2295 1185 2332 30
1218 2292 1243 2330 ὦ
1267 2291 1489 2342 φαυλότατ’

168 2354 393 2405 ἀνθρώπων,
427 2356 475 2391 36
503 2355 530 2392 ὦ
564 2355 823 2398 Πανταίνετε,
859 2356 907 2392 55
933 2354 992 2402 id.,
1027 2356 1072 2391 57
1101 2353 1158 2400 Id„
1191 2353 1416 2391 XXXVIII.
1446 2354 1490 2389 16

168 2414 193 2450 ὦ
217 2415 431 2458 Ξενοπείθη
459 2416 523 2450 καὶ
551 2416 795 2464 Ναυσίμαχε,
823 2417 871 2452 24
897 2415 957 2463 1(1.,
985 2414 1230 2451 XXXVIIII.
1257 2415 1306 2450 34
1333 2412 1358 2448 ὦ
1381 2414 1491 2463 χαλε-

168 2474 325 2510 πώτατε
353 2476 508 2518 Βοιωτέ,
536 2475 721 2512 ΧΧΧΧῙ.
751 2476 795 2512 16
823 2475 849 2511 ὦ
873 2477 1064 2518 Σπουδία,
1085 2476 1132 2511 26
1160 2474 1218 2520 id.,
1244 2473 1368 2510 LIIII.
1395 2474 1444 2509 40
1472 2473 1497 2509 ὦ

170 2533 313 2578 Κόνων,
328 2534 409 2572 LV.
424 2537 446 2572 5
461 2536 486 2571 ὦ
506 2536 745 2579 Καλλίκλεις,
761 2536 808 2571 29
823 2534 882 2583 id„
897 2535 1018 2572 LVII.
1032 2535 1076 2571 31
1099 2533 1124 2569 ὦ
1135 2534 1362 2581 Εὐβουλίδη,
1377 2533 1425 2570 32
1443 2532 1491 2569 id.
