1783 2980
672 194 895 229 -5-

126 307 253 342 mento
294 302 581 352 quadragesimo
624 303 754 353 quinto
792 302 897 340 dicit:
936 290 1036 346 ἦποῦ
1075 302 1115 339 δὲ
1149 303 1214 338 καὶ
1252 307 1446 348 πομπεῐον

126 364 178 407 εἴη
218 358 270 400 οἷν
306 363 443 410 οἴκημα
486 363 616 401 κοινὸν
654 362 922 409 Δημοσθένους
967 361 1144 407 εἰπόντος
1184 363 1223 399 ἐν
1258 365 1316 411 τῷ
1353 361 1446 411 πρὸς

126 418 329 474 Φὸρμίωνα
367 424 452 474 περὶ
491 423 654 461 δανείου.
722 422 782 461 De
798 466 801 469 ,
815 422 1011 461 Plutarchi
1045 422 1183 470 uerbis,
1221 434 1321 472 quae
1359 425 1447 460 sunt

125 485 164 522 in
181 482 449 522 Demosthenis
465 483 568 522 uitae
594 483 718 533 capite
744 484 875 532 quinto
892 483 1049 531 decimo,
1070 496 1169 533 quae
1187 482 1447 521 Rehdantzius

126 543 175 582 ad
208 547 376 582 nostram
409 543 616 582 orationem
658 542 856 582 referenda
894 556 976 582 esse
1010 543 1233 594 suspicatur,
1270 543 1361 593 quid
1399 543 1446 581 sit

125 604 379 652 iudicandum,
406 604 482 642 uid.
509 603 756 642 Schaeferum
769 603 807 651 ¹),
833 603 1007 653 Siggium
1019 603 1059 651 ²),
1086 604 1344 653 Lortzingium
1356 603 1397 650 ³).

224 664 374 702 Nostris
399 663 552 701 demum
584 663 816 712 temporibus
850 664 1089 712 exstiterunt,
1123 664 1187 714 qui
1219 663 1344 708 facere
1370 676 1444 701 non

124 738 234 775 posse
282 725 354 763 sibi
404 724 633 771 uiderentur,
685 724 776 774 quin
827 724 994 774 spuriam
1047 729 1161 774 atque
1213 724 1444 773 suppositam

124 784 222 822 hanc
240 773 446 822 orationem
466 796 549 822 esse
567 783 812 821 affirmarent.
846 783 974 834 Atque
993 784 1148 832 primus,
1175 783 1274 834 quod
1292 783 1443 834 quidem

123 844 345 894 inuenerim,
380 843 425 883 G.
459 843 502 882 Ε.
533 843 760 882 Benselerus
771 842 801 892 4)
838 844 1027 882 uocalium
1061 856 1261 882 concursus
1298 844 1337 882 in
1370 843 1444 882 De-

123 905 330 942 mosthenis
357 905 587 943 orationibus
613 908 870 955 perscrutatus
897 898 1050 955 Propter
1067 917 1245 954 magnam
1271 904 1443 942 hiatuum

123 964 403 1003 multitudinem
430 965 583 1003 minime
611 977 695 1003 eam
722 977 745 1002 a
764 964 1021 1003 Demosthene
1048 965 1226 1014 scriptam
1252 977 1334 1003 esse
1359 977 1444 1002 con-

123 1025 253 1063 tendit.
303 1025 385 1063 Nec
410 1026 530 1064 multo
555 1029 640 1076 post
665 1025 711 1063 A.
739 1025 967 1063 Schaeferus
994 1025 1077 1063 aliis
1104 1026 1226 1063 causis
1260 1025 1444 1062 adductus

122 1089 190 1134 est,
221 1089 264 1123 ut
296 1085 396 1124 idem
432 1089 626 1124 statueret.
676 1085 850 1135 Denique
884 1085 1054 1123 Blassius
1067 1085 1095 1133 ⁵)
1130 1085 1304 1124 omnibus
1330 1097 1445 1134 quae-

123 1146 305 1184 stionibus
343 1146 630 1196 diligentissime
673 1146 890 1197 ponderatis
928 1160 976 1184 ne
1020 1146 1156 1197 pedem
1199 1146 1351 1197 quidem
1396 1146 1445 1183 ab

123 1207 197 1245 illis
223 1207 386 1245 recessit.
437 1206 549 1245 Multi
576 1210 774 1258 praeterea
799 1211 866 1245 aut
892 1207 1062 1258 plerique
1088 1207 1161 1245 uiri
1186 1206 1284 1245 docti
1310 1206 1445 1244 horum

123 1268 333 1305 sententiae
363 1268 637 1316 assentiuntur,
672 1280 765 1317 quos
798 1268 952 1317 longum
989 1272 1046 1305 est
1085 1280 1318 1315 enumerare,
1358 1280 1443 1304 cum

121 1328 303 1378 perpauci
328 1328 439 1366 hodie
466 1328 673 1366 orationem
700 1328 805 1365 illam
831 1341 898 1378 pro
925 1329 1092 1378 genuina
1118 1328 1334 1366 habendam
1361 1340 1444 1365 esse

120 1392 311 1437 censeant,
339 1401 454 1439 quam
488 1388 701 1440 opinionem
738 1388 876 1426 abhinc
901 1388 1059 1438 triginta
1091 1388 1170 1427 fere
1202 1401 1321 1426 annos
1347 1401 1444 1426 unus

120 1449 288 1487 Joannes
327 1449 589 1487 Herrmannus
602 1449 631 1498 6)
670 1450 801 1499 paucis
840 1449 967 1488 uerbis
1010 1450 1254 1501 comprobare
1291 1449 1445 1497 studuit,

121 1522 205 1547 cum
240 1509 398 1548 diceret:
447 1510 548 1558 „Ffir
581 1510 641 1548 die
667 1501 849 1549 Achtheit
882 1510 1024 1562 spricht
1057 1510 1118 1548 die
1143 1510 1216 1548 Art
1241 1510 1308 1548 der
1334 1510 1443 1548 Moti-

119 1570 279 1620 vierung
321 1571 398 1609 und
442 1571 509 1610 der
551 1571 831 1629 Folgerungcn3
874 1571 941 1609 der
983 1571 1213 1622 Disposition
1257 1570 1334 1609 und
1377 1570 1443 1609 des

118 1631 340 1668 Ausdrucks
368 1632 480 1669 sowie
507 1632 621 1669 deren
649 1645 777 1681 grosse
804 1632 1051 1669 Ahnlichkeit
1077 1631 1145 1668 mit
1171 1631 1238 1669 der
1256 1631 1442 1680 Leptinea

118 1691 155 1728 in
196 1691 390 1729 einzelnen
430 1691 606 1740 Teilen“;
653 1692 712 1729 cui
747 1691 989 1743 explicationi
1033 1691 1260 1730 Schaeferus
1307 1690 1441 1729 eadem

118 1752 305 1789 breuitate
339 1753 677 1800 argumentationis
711 1766 802 1789 usus
835 1752 937 1789 haud
970 1753 1098 1802 inepte
1137 1752 1329 1800 respondit
1369 1752 1440 1789 sic:

121 1813 259 1859 „worin
297 1812 399 1850 diese
433 1802 682 1850 Ahnlichkeit
715 1813 841 1861 liegen
876 1812 957 1860 soll,
992 1812 1102 1850 weiss
1136 1811 1196 1849 ich
1224 1811 1346 1859 nicht3
1381 1811 1440 1849 ich

117 1871 217 1910 finde
250 1872 288 1910 in
322 1872 389 1911 der
421 1873 529 1911 Rede
562 1872 635 1911 den
669 1872 1035 1911 Demosthenischcn
1063 1872 1277 1911 Charakter
1303 1872 1442 1910 nicht“.

217 2031 241 2070 ¹)
263 2034 283 2063 l.
306 2035 326 2064 l.
348 2035 411 2065 uol.
433 2035 493 2064 III.
515 2036 596 2074 part.
619 2035 661 2065 ΙΙ.
684 2045 757 2075 pag.
779 2033 846 2065 177.
870 2037 932 2065 not.
955 2033 982 2065 4.

215 2086 241 2124 2)
264 2088 285 2118 l.
307 2089 326 2118 l.
349 2098 423 2128 pag.
444 2087 504 2118 408
516 2084 595 2129 'pi-x.

215 2141 241 2180 ³)
262 2143 335 2174 diss.
366 2154 396 2183 q.
426 2144 445 2174 i.
477 2144 534 2181 „de
564 2145 770 2183 orationibus,
792 2155 871 2185 quas
900 2145 1131 2176 Demosthenes
1160 2156 1218 2185 pro
1241 2146 1440 2185 Apollodoro

114 2198 278 2237 scripsisse
300 2197 430 2235 fertur-⁴⁴,
452 2199 594 2229 Berolini
616 2198 704 2237 1863,
725 2210 799 2240 pag.
819 2199 869 2231 22.
891 2203 955 2231 not.
978 2200 1006 2230 6.

213 2256 238 2295 4)
263 2258 319 2296 „de
349 2259 439 2289 hiatu
469 2259 501 2289 in
530 2260 709 2290 oratoribus
738 2261 843 2292 atticis
864 2264 895 2292 et
916 2262 1073 2292 historicis
1095 2262 1218 2301 graecis
1247 2261 1318 2291 libri
1346 2260 1439 2297 duo“,

113 2313 287 2354 Fribergae
316 2312 403 2352 1841,
433 2325 507 2355 pag.
537 2313 596 2345 149
627 2318 659 2346 et
690 2316 747 2353 „de
775 2316 867 2347 hiatu
897 2318 928 2347 in
958 2317 1180 2347 Demosthenis
1212 2315 1440 2353 01·ationibus“,

113 2368 287 2408 Fribergae
309 2367 396 2400 1848.

212 2427 237 2465 5)
262 2429 330 2467 „die
351 2430 487 2461 attische
509 2429 781 2469 Beredsamkeit“‚
802 2433 866 2462 uol.
888 2433 948 2462 III.
970 2435 1050 2472 part.
1074 2433 1098 2463 I.
1121 2442 1194 2472 pag.
1215 2431 1284 2462 515.

213 2486 238 2525 6)
262 2489 471 2526 „einleitende
506 2490 753 2531 Bemerkungen
788 2502 827 2524 zu
865 2491 1105 2523 Domosthenes’
1141 2492 1438 2532 paragraphischcn

112 2541 252 2580 Reden“,
275 2543 385 2577 Erfurt
406 2542 494 2583 1855,
516 2554 589 2590 pag.
612 2543 659 2580 13.
