1783 2980
284 306 316 355 ξ.
340 307 380 343 8:
412 304 784 356 παραχειμάζειν
807 305 965 343 uerbum
992 318 1015 343 a
1040 305 1307 344 Demosthenis
1333 318 1506 344 sermone

184 368 351 405 alienum
392 368 466 402 est:
505 375 629 412 neque
662 363 763 401 enim
802 364 941 414 legitur
974 365 1045 402 nisi
1079 364 1208 413 [LVI]
1243 367 1302 403 30.
1361 365 1505 403 Eodem
1550 378 1558 387 ·

185 438 297 465 sensu
324 437 347 463 a
371 422 630 462 Demosthene
656 422 817 474 simplex
843 424 1001 462 uerbum
1031 424 1281 473 χειμάζειν
1315 429 1372 464 est
1398 439 1504 463 usur-

183 491 334 538 patum:
359 484 467 523 VIII.
495 486 560 531 453
588 482 666 532 [X.]
697 484 753 522 16.

283 544 398 583 Ibid.:
444 544 666 594 ἀπρασία
703 543 991 592 substantiuum,
1028 545 1126 592 quod
1162 546 1343 596 repetitur
1378 545 1409 593 ξ.
1444 548 1504 594 22,

185 606 300 644 semel
326 605 420 654 legi:
453 604 620 641 XXVII.
647 605 706 640 21.
1289 648 1291 650 ¹

284 665 316 713 ἓ.
344 666 384 702 9:
419 663 668 714 ἀγόρασμα
699 663 940 712 uocabulum,
976 664 1075 714 quod
1102 666 1283 716 repetitur
1310 666 1341 712 ξ.
1371 669 1430 714 33,
1467 667 1504 704 in

184 724 416 764 ora-tionibus
441 722 742 760 Demostheniois
769 723 909 760 frustra
936 735 1104 772 quaeres.

283 785 381 823 Item
409 783 637 821 adieetiuum
664 782 886 832 ἄπρατος
922 787 960 821 et
995 784 1272 823 substantiuum
1304 790 1446 836 ῥῶπος
1483 800 1504 824 a

185 845 452 884 Demosthenis
479 844 587 893 eopia
613 844 814 882 uerborum
843 844 968 882 aliena
995 845 1170 883 uidentur
1196 845 1321 884 fuisse.

285 905 316 953 ξ.
352 906 415 943 10;
451 905 490 942 in
525 904 598 942 hac
633 916 782 953 quoque
816 905 1060 956 paragrapho
1103 906 1295 957 complura
1329 907 1506 956 leguntur

185 966 314 1014 uerba,
350 976 448 1013 quae
483 964 585 1015 apud
611 964 908 1003 Demosthenem
941 965 1131 1003 rarissime
1164 966 1407 1004 inueniuntur
1441 972 1506 1004 aut

186 1025 336 1077 omnino
371 1037 444 1062 non
481 1028 643 1062 exstant.
694 1025 752 1062 Ao
785 1026 948 1076 primum
982 1026 1141 1063 uerbum
1169 1035 1399 1074 ναυαγεῖν
1433 1040 1506 1064 non

185 1085 345 1124 occurrit
370 1085 441 1122 nisi
469 1085 506 1122 in
533 1085 763 1122 orationibus
790 1086 1056 1135 suppositiciis:
1081 1085 1273 1134 [XXXV]
1294 1088 1337 1123 31
1359 1087 1428 1135 bis,
1447 1089 1506 1136 32,

187 1144 319 1195 [LXI]
347 1146 405 1183 29.

286 1206 434 1244 Deinde
466 1206 504 1243 in
537 1206 608 1243 hoc
634 1210 712 1243 tam
739 1219 858 1257 paruo
886 1207 1080 1245 enuntiato
1115 1207 1421 1259 ,,προςανέλαβεν
1446 1208 1508 1243 ἐπὶ

185 1267 232 1305 τὸ
259 1266 521 1318 κατάστρωμα
556 1266 681 1316 χιλίας
709 1266 878 1318 βύρσας“
911 1267 984 1305 tria
1017 1267 1145 1305 insunt
1175 1267 1375 1315 uocabula,
1410 1279 1508 1316 quae

186 1328 290 1364 nullo
324 1327 399 1364 alio
434 1327 514 1363 loco
548 1327 725 1376 reperies,
758 1338 856 1374 quae
890 1331 992 1363 sunt:
1033 1328 1507 1376 προςαναλαμβάνω,

187 1386 541 1438 κατάστρωμα,
576 1387 737 1437 βύρσα.

287 1447 572 1485 Substantiuum
608 1460 718 1497 porro
751 1448 1026 1497 διαφθορά,
1063 1448 1163 1495 quod
1196 1448 1254 1485 bis
1286 1449 1444 1485 occurrit
1471 1449 1509 1485 in

187 1507 258 1546 hae
296 1507 551 1561 paragrapho,
591 1506 737 1545 duobus
778 1507 958 1545 traditum
999 1513 1055 1546 est
1095 1508 1200 1546 lo'cis:
1241 1508 1348 1546 XXI.
1386 1510 1432 1546 25
1472 1513 1509 1546 et

187 1567 420 1617 [XXXXV]
448 1571 505 1607 39.

287 1630 385 1667 Tum
411 1630 569 1667 uerbum
598 1629 793 1673 ἀποσώζ
805 1644 831 1665 ω
859 1642 882 1666 a
899 1629 1157 1667 Demosthene
1175 1643 1326 1678 prorsus
1344 1631 1507 1668 alienum

187 1694 261 1739 est3
298 1690 542 1728 inueniuntur
576 1693 703 1727 autem
739 1689 834 1727 haee
869 1690 987 1728 uerba
1022 1691 1245 1741 composita:
1286 1691 1507 1736 ἀνασώζω,

188 1751 396 1795 διασώζω,
437 1750 615 1793 ἐκσώζωε
656 1749 822 1786 XVIIII.
856 1751 915 1796 94,
959 1752 1040 1797 149,
1080 1751 1160 1798 166,
1199 1751 1284 1797 299,
1324 1751 1410 1787 ΧΧ.
1447 1753 1507 1797 53,

188 1809 342 1858 [XXV]
390 1812 450 1858 56,
498 1811 557 1857 65,
601 1809 787 1847 XXVIII.
832 1809 890 1858 15,
939 1810 1065 1847 XXX.
1109 1812 1165 1856 18,
1213 1810 1360 1848 XXXI.
1403 1813 1433 1855 1,
1477 1813 1508 1857 7,

188 1870 382 1918 [XXXII]
415 1873 449 1917 8,
485 1869 739 1917 [XXXXHL]
779 1872 835 1915 12,
873 1872 929 1916 75,
964 1869 1153 1917 [INJIII]
1190 1872 1270 1917 103,
1311 1869 1420 1916 [LX.]
1449 1872 1508 1915 23,

188 1929 327 1980 [epist]
353 1930 422 1967 ΙΙΙ.
453 1932 508 1977 18,
535 1931 593 1967 21.

286 1990 391 2028 Idem
411 1990 511 2028 eadit
531 1991 569 2028 in
596 1990 832 2028 substantiua
859 1991 1029 2037 λέμβος
1057 1994 1094 2027 et
1122 1991 1319 2035 πένθος,
1348 2002 1505 2038 quorum

187 2051 348 2087 alterum
372 2051 442 2087 nisi
466 2050 660 2098 [XXXII]
681 2053 703 2087 6
728 2055 765 2087 et
785 2052 816 2097 7,
834 2051 994 2087 alterum
1022 2051 1091 2086 nisi
1117 2048 1227 2096 [LX]
1256 2051 1304 2086 32
1330 2063 1403 2087 non
1422 2050 1508 2096 legi.

289 2110 593 2159 Συνανάγειν
626 2110 787 2159 denique
822 2109 981 2147 uerbum
1017 2109 1294 2147 Demosthenes
1320 2122 1506 2159 nusquam

187 2171 395 2221 usurpauit.

288 2230 319 2278 ξ.
358 2232 422 2268 12;
457 2231 656 2268 δάνειον
697 2230 986 2278 substantiuum,
1030 2229 1129 2279 quod
1171 2233 1228 2267 est
1262 2228 1316 2276 ἐξ.
1355 2231 1411 2277 12,
1451 2232 1507 2277 13,

188 2293 248 2340 27,
276 2292 387 2329 3011.
416 2305 478 2339 or.,
514 2305 587 2329 non
627 2292 797 2329 inuenies
837 2291 908 2328 nisi
945 2292 983 2328 in
1023 2291 1255 2328 orationibus
1288 2291 1508 2340 suppositis:

189 2350 381 2399 [XXXV]
401 2352 435 2400 9,
465 2349 658 2399 [XXXX]
679 2352 737 2398 52,
764 2349 894 2399 [LVI]
914 2352 947 2398 4,
975 2351 1032 2397 12,
1059 2351 1114 2397 13,
1133 2350 1192 2398 29,
1212 2351 1272 2398 31,
1292 2350 1352 2397 35,
1372 2351 1431 2398 37,
1451 2351 1510 2387 38.

286 2412 395 2450 Ibid.:
423 2413 544 2449 κατὰ
568 2412 642 2460 μὲν
666 2413 827 2463 ἁρχάςε
852 2411 956 2448 κατά
975 2411 1204 2462 praepositio
1219 2415 1256 2449 et
1271 2412 1511 2449 aecusafiuus

188 2473 308 2523 ἀρχάς
337 2472 373 2508 in
401 2472 632 2509 orationibus
650 2471 949 2509 Demosthenieis
976 2475 1054 2508 tam
1082 2474 1163 2507 arte
1185 2471 1306 2507 solent
1324 2472 1511 2520 coniungi,

187 2536 228 2569 ut
256 2533 293 2570 in
320 2546 436 2570 unum
472 2545 593 2583 paene
619 2532 831 2570 coalescant
865 2532 1023 2570 uerbum
1056 2545 1325 2582 nonnunquam
1353 2533 1511 2570 articulo

1288 2601 1308 2632 3
