1783 2980
755 171 976 210 „9-

204 286 355 326 diuersa
389 299 472 324 esse
508 285 557 323 ab
589 283 760 322 oratione
796 288 926 322 contra
952 283 1217 331 Phormionem
1254 283 1386 321 habita
1420 294 1531 320 nemo

203 337 260 386 est
286 347 377 396 quin
402 345 543 383 uideat.
670 338 674 342 ’
725 389 730 394 ,

304 406 452 451 Quibus
476 405 590 443 rebus
616 403 862 442 consideratis
886 417 962 442 non
983 405 1189 452 miraberis,
1215 405 1315 456 quod
1342 405 1408 443 alii
1435 404 1530 441 alias

203 468 287 506 uias
312 466 474 517 ingressi
500 470 587 503 sunt
603 465 675 502 uiri
694 465 811 502 critici
828 465 877 502 ad
902 465 1000 503 hanc
1019 466 1278 515 quaestionem
1299 465 1531 511 soluendam,

203 526 276 566 rati
302 527 510 578 orationem
538 536 651 574 quam
686 537 786 562 nunc
812 525 973 575 legimus
1006 538 1080 563 non
1108 538 1189 563 esse
1215 526 1362 563 saluam
1388 525 1530 562 incolu-

203 579 391 636 memque‚
435 585 502 624 sed
527 589 611 625 «aut
654 598 737 623 esse
776 589 1021 623 retractatam
1061 590 1178 636 atque
1221 591 1427 624 correctam
1464 590 1530 622 aut

203 647 469 698 interpolatam
513 658 536 682 a
574 645 701 682 nescio
741 656 826 693 quo.
890 644 948 682 Ac
987 645 1033 682 R.
1069 645 1297 683 Dunckerus
1311 645 1338 692 ¹)
1385 646 1529 692 „locum

204 706 242 755 §.·
262 707 366 744 22—-
380 704 412 753 §.
426 706 485 754 33,
510 705 736 756 principium
762 704 855 742 illud
882 705 1048 743 omnium
1083 705 1162 743 fere
1188 705 1454 743 difficultatum
1486 717 1530 742 ac

204 767 358 819 fontem,
386 779 435 804 ex
453 766 623 804 oratione
649 769 692 803 ut
717 765 843 803 aliena
861 778 975 803 manu
994 766 1242 816 compositum
1260 765 1529 804 remouendum

204 826 308 864 esse“
338 839 388 864 ex
413 826 603 864 nonnullis
636 825 816 876 loquendi
848 826 1004 864 rationis
1037 826 1225 864 concludit
1258 826 1530 876 discrepantiis,

205 900 300 937 quas
321 887 420 925 inter
442 887 544 925 hunc
566 886 692 924 locum
715 890 754 924 et
771 886 957 937 reliquam
984 887 1192 924 orationem
1218 887 1350 924 statuit
1375 899 1468 933 esse,
1494 890 1531 924 et

206 960 255 985 ex
282 960 339 996 eo,
368 946 468 996 quod
505 947 649 995 „multa
682 960 822 995 eorum,
856 959 954 998 quae
988 947 1049 985 hic
1083 947 1187 985 locus
1213 946 1340 994 habet,
1374 947 1422 984 ab
1449 946 1532 984 aliis

204 1008 318 1046 huius
351 1007 531 1046 orationis
565 1008 657 1046 locis
690 1007 810 1059 petita
844 1007 966 1045 sunt“.
1017 1007 1213 1046 Audacius
1246 1007 1346 1045 istud
1380 1006 1531 1058 quidem

205 1068 308 1106 haud
326 1068 441 1106 dubie
459 1081 574 1119 quam
600 1068 749 1106 rectius.
788 1068 875 1107 Non
892 1068 1015 1106 dicam
1035 1068 1105 1106 hoc
1131 1069 1222 1116 loco,
1249 1081 1363 1118 quam
1381 1068 1532 1105 illarum

205 1128 545 1180 discrepantiarum
570 1128 629 1166 uis
654 1141 730 1167 non
760 1128 998 1167 mediocriter
1024 1129 1161 1167 idcirco
1189 1129 1237 1166 sit
1262 1127 1532 1179 impugnanda,

206 1188 306 1240 quod
332 1189 371 1226 in
397 1185 510 1239 longe
528 1189 701 1240 plurimis
719 1189 953 1227 orationibus
978 1190 1259 1239 argumentatio
1285 1189 1371 1240 plus
1392 1188 1534 1227 habeat

206 1253 361 1288 ornatus
379 1250 532 1288 oratorii
550 1262 665 1300 quam
683 1250 852 1300 reliquae
870 1250 1050 1289 orationis
1067 1254 1214 1301 partes3
1232 1249 1547 1301 praetermittam·

205 1309 299 1347 illud
316 1309 445 1357 etiam,
460 1309 507 1348 de
526 1323 600 1361 quo
627 1310 727 1348 infra
754 1310 977 1361 accuratius.
993 1311 1139 1360 loquar,
1166 1311 1317 1349 omnino
1339 1309 1534 1347 abundare

206 1370 414 1408 orationem
454 1367 625 1409 ¹nostram
669 1371 971 1422 repetitionibus:
1020 1372 1090 1410 hoc
1141 1384 1283 1422 quaero
1327 1370 1534 1409 offensione

206 1443 330 1469 nonne
369 1431 416 1469 sit
455 1431 727 1481 dignissimum,
766 1431 867 1482 quod
906 1445 980 1471 non
1020 1432 1170 1470 dubitat
1207 1432 1267 1469 uir
1305 1432 1369 1469 ille
1402 1431 1534 1469 doctus

207 1494 342 1541 putare
367 1490 558 1530 rhetorem
576 1492 639 1530 uel
656 1492 947 1542 grammaticum
965 1492 1132 1543 aliquem
1149 1496 1228 1530 tam
1255 1504 1339 1530 esse
1357 1504 1534 1541 sagacem

202 1551 471 1603 subtilemque,
495 1556 537 1590 ut
573 1553 748 1591 lacunam
783 1553 881 1591 inter
911 1552 942 1601 ἓ.
969 1554 1013 1591 21
1053 1554 1104 1591 ’ἐν’
1133 1553 1252 1597 αὐτὸς
1287 1553 1334 1600 μὴ
1369 1554 1534 1603 ἐπιορκή-

207 1626 305 1650 σειεν
332 1616 371 1651 et
388 1612 420 1660 ξ.
440 1615 488 1650 33
516 1613 610 1660 λέγει
636 1613 719 1658 δ’ὡς
745 1614 865 1652 uerba
892 1627 976 1652 esse
1002 1617 1126 1652 ortam
1153 1627 1202 1652 ex
1228 1614 1310 1652 loco
1328 1612 1534 1663 posteriore

207 1672 418 1722 concludat,
446 1677 601 1724 tamque
627 1674 806 1724 cupidum
832 1674 1053 1713 remouendi
1079 1675 1260 1713 orationis
1278 1674 1533 1721 difficultates,

207 1737 247 1770 ut
273 1734 429 1783 expleat
454 1735 631 1779 lacunam
658 1739 696 1772 et
721 1735 841 1773 uerba
867 1734 1056 1784 quaedam
1077 1748 1364 1786 superuacanea
1382 1734 1533 1781 adiciat,

206 1805 276 1830 nec
292 1797 420 1832 tamen
439 1807 568 1832 secum
588 1799 778 1846 reputare,
805 1807 920 1845 quam
947 1795 1064 1834 faciat
1090 1796 1219 1847 inepte
1246 1799 1362 1846 atque
1388 1794 1533 1842 inscite,

208 1854 308 1904 quod
343 1855 474 1893 uerba‘
503 1857 711 1894 orationem
752 1857 969 1908 supplentia
1017 1858 1201 1908 pleraque
1244 1857 1308 1894 alii
1351 1856 1534 1894 attribuat

208 1918 322 1964 atque
357 1914 570 1966 Chrysippo
605 1920 694 1954 ante
728 1929 774 1954 ea
814 1921 852 1954 et
890 1921 975 1967 post
1015 1930 1061 1954 ea
1101 1917 1251 1955 dicenti.
1304 1916 1388 1960 Qua
1421 1916 1459 1952 in
1494 1928 1533 1952 re

207 1977 333 2012 utrum
352 1975 473 2023 magis
495 1977 542 2013 sit
564 1976 858 2027 uituperandum
876 1977 1019 2027 ignoro,
1042 1977 1143 2028 quod
1161 1976 1364 2015 demandet
1382 1976 1533 2013 omnino

202 2033 335 2072 'rhetor
360 2035 425 2073 ille
452 2036 571 2073 uerba
598 2036 675 2084 alii,
712 2049 760 2073 an
788 2037 889 2086 quod
915 2049 1160 2087 nequaquam
1188 2038 1257 2074 sibi
1285 2040 1440 2084 constet,
1469 2036 1533 2072 scd

207 2093 318 2132 modo
345 2094 445 2132 hunc
471 2095 582 2134 modo
610 2096 864 2147 Chrysippum
899 2097 1015 2135 faciat
1049 2097 1245 2135 dicentem.
1299 2096 1407 2134 Adde
1434 2095 1533 2144 quod

208 2155 434 2192 sententiam
469 2169 576 2193 suam
610 2156 837 2201 Dunckerus
871 2158 942 2195 nisi
978 2157 1194 2196 coniciendo
1221 2180 1268 2183 —
1297 2156 1534 2194 scribendum

208 2213 309 2251 enim
343 2219 454 2266 putat
481 2229 563 2254 esse
596 2217 635 2254 in
670 2215 703 2265 ξ.
730 2218 780 2254 20
816 2218 1002 2269 εἰρηκέναι
1036 2224 1170 2255 ταῦτα
1205 2218 1299 2269 πρὸς
1332 2217 1534 2260 τούτοις

208 2287 276 2325 pro
298 2283 446 2314 τοῦτον
464 2299 515 2305 -—
534 2278 718 2316 sustinere
740 2291 815 2316 non
838 2282 971 2330 potest.
995 2294 1043 2306 ·-—
1068 2279 1257 2330 Sequitur,
1276 2283 1318 2316 ut
1337 2278 1535 2316 audiamus

312 2417 334 2455 ¹)
357 2418 429 2449 diss.
453 2428 482 2459 q.
505 2419 524 2449 i.
554 2419 654 2458 „inter
675 2419 876 2460 priuatarum
898 2430 1067 2452 causarum
1090 2420 1250 2451 orationes
1270 2419 1537 2451 Demosthenicas

210 2483 292 2512 quae
325 2483 383 2513 pro
415 2469 562 2513 genuinis
594 2474 763 2505 habendae
795 2476 858 2505 sint
891 2486 1038 2514 quaeque
1071 2486 1128 2514 pro
1161 2473 1280 2512 falsis“,
1313 2475 1537 2514 Greiffenberg

210 2526 410 2563 (Pommern)
433 2527 520 2566 1877,
543 2539 616 2569 pag.
640 2527 677 2559 12
698 2540 791 2570 prxx.

1299 2574 1300 2577 ’
1337 2591 1356 2622 :2
