1782 2980
281 322 506 367 συγγραφῆς
534 315 743 362 ἐπάναγκες
767 317 1011 360 ἐντίθεσθαι,
1046 317 1069 353 9
1101 322 1173 352 τοῦ
1202 317 1414 366 ναυκλήρου
1446 317 1612 354 κελεύον·

280 391 346 421 το,-
376 376 500 413 αὐτὸν
528 375 635 412 κατὰ
660 376 732 419 τὴν
758 376 986 427 συγγραφὴν
1013 377 1244 414 ἐντίθεσθαι
1270 376 1324 413 τὰ
1352 377 1613 429 ἀγοράσματα

283 457 332 462 —-
355 436 541 474 ἐνθέσθαι
568 436 618 480 εἰς
644 451 679 472 τ.
700 451 733 474 ν.
753 436 809 472 τὰ
833 451 904 487 χρ,
935 437 982 474 10
1006 433 1091 473 οὔτ’
1116 434 1269 473 ἐνέθετο
1294 437 1343 481 εἰς
1369 451 1405 473 τ.
1430 451 1463 476 ν.
1487 436 1611 479 οὐδέν,

285 498 328 534 11
359 493 424 531 ὅτι
455 493 547 532 οὔτε
581 495 635 532 τὰ
667 511 724 548 χρ.
753 495 910 534 ἔνθοιτο
939 497 987 541 εἰς
1014 511 1051 533 τ.
1078 511 1113 533 ν.
1140 496 1245 533 κατὰ
1275 496 1346 540 τὴν
1373 496 1611 548 συγγραφήν,

285 558 331 594 16
367 553 459 591 οὔτε
496 555 550 591 τὰ
584 570 642 605 χρ.
677 557 923 593 ἐντεθεῖσθαι
957 562 1117 601 τοῦτον,
1158 556 1203 593 17
1241 552 1304 592 ὅτι
1339 553 1430 592 οὔτε
1463 555 1517 592 τὰ
1552 569 1607 604 χρ.

283 615 444 655 ἔνθοιτο
472 616 521 659 εἰς
548 630 584 651 τ.
612 630 658 659 ν.,
694 617 743 653 20
770 614 861 652 οὔτε
892 615 948 652 τὰ
978 629 1035 666 χρ.
1065 616 1188 653 αὐτὸν
1215 616 1399 653 ἐνθέσθαι
1425 617 1474 660 εἰς
1500 629 1537 650 τ.
1566 628 1612 658 ν.,

283 677 332 713 22
360 676 428 710 οὐκ
455 675 652 723 ἐνθέμενος
685 676 735 719 εἰς
762 690 798 713 τ.
828 690 858 713 ν.
886 676 941 713 τὰ
974 691 1046 727 χρ.,
1078 676 1125 713 27
1155 677 1222 711 οὐκ
1249 676 1443 724 ἐνθέμενος
1474 674 1528 711 τὰ
1554 689 1611 725 χρ.

284 737 333 779 εἰς
360 748 396 771 τ.
417 749 448 771 ν.
472 733 578 770 κατὰ
603 735 675 778 τὴν
697 735 936 786 συγγραφήν,
959 735 1007 774 33
1035 734 1222 773 ἐνθέσθαι
1247 735 1538 785 τάγοράσματα
1565 734 1612 780 εἰς

283 811 319 833 τ.
340 812 372 834 ν.
395 817 441 827 -ν-
465 795 519 833 τὰ
546 810 602 847 χρ.
631 798 699 832 οὐκ
727 795 926 844 ἐνθέμενος
946 819 995 824 -
1018 796 1072 833 τὰ
1094 811 1150 848 χρ.
1180 795 1363 834 ἐνθέσθαι
1384 796 1434 840 εἰς
1454 810 1491 833 τ.
1513 810 1544 834 ν.
1564 818 1612 824 -——

284 856 351 892 διὰ
376 856 424 891 τὸ
458 855 572 904 μηδὲν
595 856 796 901 ἐνθέσθαι,
824 857 873 895 34
898 859 944 902 ὡς
972 857 1232 905 ἐντεθειμένος
1259 857 1313 893 τὰ
1340 870 1397 909 χρ.
1426 857 1475 900 εἰς
1502 870 1528 892 τ
1567 873 1613 901 ν.,

285 917 334 954 40
362 913 454 953 οὔτε
480 916 535 952 τὰ
563 916 709 967 φορτία
736 916 941 965 ἐνθέμενον
966 921 1114 954 τοῦτον
1139 916 1189 960 εἰς
1214 916 1285 960 τὴν
1311 922 1419 954 ναῦν.

385 980 439 1029 ἐξ.
466 982 489 1018 8
517 981 752 1026 καταλαβὼν
773 987 849 1019 τῶν
870 982 1041 1033 φορτίων
1063 981 1114 1019 ὧν
1140 979 1202 1030 ἦγε
1232 981 1379 1023 πολλὴν
1400 982 1613 1033 ἀπρασίαν,

284 1043 333 1079 22
362 1041 564 1092 ἀπρασίαν
589 1046 663 1077 τῶν
691 1042 1114 1092 φορτίων·κατέλαβεν.

386 1100 440 1150 ἐξ.
471 1102 513 1139 11
543 1103 675 1152 τούτῳ
701 1100 773 1152 γὰρ
799 1102 1002 1154 προςέχετε
1029 1101 1100 1139 τὸν
1127 1107 1232 1146 νοῦν,
1261 1103 1309 1139 23
1335 1101 1384 1140 id.

385 1161 439 1210 ἓξ.
468 1163 511 1199 11
543 1158 607 1198 ὅτι
636 1159 727 1198 οὔτε
749 1161 797 1198 τὸ
824 1164 986 1213 χρυσίον
1009 1161 1167 1210 εἰληφὼς
1194 1161 1258 1206 εἴη,
1284 1164 1329 1200 14
1355 1164 1401 1208 ὡς
1426 1164 1614 1213 ἀπείληφε

284 1225 332 1260 τὸ
360 1238 433 1273 χρ.,
463 1224 510 1261 16
544 1219 634 1259 οὔτε
669 1222 717 1258 τὸ
745 1237 804 1272 χρ.
834 1222 1088 1272 ἀπειληφέναι
1112 1244 1161 1250 -—
1185 1223 1439 1271 ἀπειληφέναι
1469 1224 1516 1260 τὸ
1545 1238 1616 1273 χρ.,

285 1284 334 1322 20
366 1279 458 1319 οὔτε
493 1284 541 1319 τὸ
576 1298 634 1333 χρ.
670 1280 745 1332 ἔφη
782 1282 1049 1332 ἀπειληφέναι,
1082 1284 1128 1320 41
1164 1284 1210 1328 ὡς
1247 1284 1314 1319 οὐκ
1349 1283 1537 1333 ἀπείληφε
1567 1285 1615 1321 τὸ

285 1360 357 1395 χρ,
385 1345 433 1381 46
453 1339 517 1380 ὅτι
535 1344 604 1379 οὐκ
625 1340 701 1393 ἔφη
720 1343 978 1390 ἀπειληφέναι
996 1344 1042 1379 τὸ
1061 1359 1119 1394 χρ.
1135 1365 1185 1371 -
1198 1343 1452 1393 ἀπειληφέναι
1477 1345 1525 1380 τὸ
1545 1359 1616 1394 χρ.,

286 1405 333 1441 47
364 1406 408 1449 ὡς
437 1405 505 1440 οὐκ
540 1403 729 1452 ἀπείληφε
755 1404 802 1439 τὸ
831 1417 890 1453 χρ.
913 1424 953 1429 -—-
984 1405 1031 1448 ὡς
1058 1405 1126 1440 οὐκ
1155 1404 1355 1453 ἀπείληφε,
1382 1404 1431 1441 49
1458 1401 1522 1440 ὅτι
1548 1405 1617 1441 οῦκ

286 1464 476 1514 ἀπείληφε
503 1463 550 1501 τὸ
578 1464 749 1514 χρυσίον.

387 1522 442 1571 ἐξ.
477 1525 524 1561 13
559 1524 892 1574 προςκαλεσαίμην
917 1545 964 1550 —-
989 1523 1336 1575 προςεκαλεσάμην,
1377 1525 1423 1561 14
1457 1537 1617 1575 προςκα-

286 1584 751 1635 λουμένῳ-προςκαλεῖ,
781 1585 827 1621 15
854 1585 1070 1634 προςκαλεῑ.

387 1643 441 1692 ἓξ.
471 1645 517 1682 14
545 1642 565 1680 ὅ
587 1644 683 1688 εἰκὸς
711 1643 767 1688 ἦν,
797 1645 843 1682 15
870 1644 999 1681 καίτοι
1023 1643 1117 1688 εἰκός
1140 1646 1174 1694 γ’
1193 1644 1250 1689 ἦν,
1278 1646 1327 1682 40
1350 1647 1418 1681 οὐκ
1444 1644 1538 1688 εἰκὸς
1562 1644 1617 1688 ἦν.

387 1703 441 1751 ἐξ.
471 1705 517 1741 14
545 1705 664 1741 εἰπεῖν
678 1724 727 1729 --
742 1703 824 1740 εἶπε
839 1725 880 1729 --
901 1705 1035 1749 εἰπεῖν,
1066 1705 1111 1742 15
1138 1705 1256 1742 εἰπεῖν
1271 1726 1318 1732 —-
1334 1704 1448 1742 εἶπεν.

387 1763 419 1813 ξ.
449 1766 495 1803 16
521 1764 568 1800 τὸ
597 1763 764 1813 ἔγκλημα
787 1761 808 1800 ὃ
836 1762 1180 1815 ἔλαχον-τοῦτο
1199 1764 1247 1802 τὸ
1266 1762 1432 1816 ἔγκλημα
1460 1762 1616 1814 ἔλαχον.

388 1829 442 1879 ἓξ.
463 1832 509 1869 18
537 1836 740 1880 μαρτυρεῖν
762 1828 785 1866 ὅ
803 1844 844 1865 τι
864 1830 1044 1875 βούλοιτο
1059 1830 1335 1882 -ἐμαρτύρει,
1357 1831 1403 1869 19
1422 1829 1475 1867 τὰ
1501 1831 1618 1878 ψευδῆ

287 1899 493 1943 μαρτυρεῖν
510 1897 656 1935 -τυῑς
681 1889 735 1926 τὰ
762 1891 881 1936 ψευδῆ
910 1896 1511 1943 μαρτυροῦσιν-μαρτυροῦσιν
1540 1888 1618 1927 ὅτι

287 1947 337 1988 ἀν
364 1951 597 1999 βούλωνται,
625 1952 674 1988 20
700 1951 754 1987 τὰ
786 1950 906 1995 ψευδῆ
934 1955 1141 2001 μαρτυρῶν,
1169 1951 1213 1988 21
1249 1950 1370 1996 ψευδῆ
1401 1957 1615 2003 μαρτυρεῖν.

388 2009 442 2059 ἓξ.
472 2011 518 2049 18
551 2010 798 2062 μερισάμενος
836 2010 884 2046 τὸ
919 2010 1009 2058 ἐμὸν
1041 2011 1212 2061 χρυσίον,
1249 2012 1297 2050 35
1335 2010 1460 2055 ἐπειδὴ
1497 2010 1538 2047 δὲ
1570 2010 1617 2047 τὸ

287 2073 448 2123 χρυσίον
473 2071 622 2117 τούμὸν
648 2071 863 2118 ἐμερίσατο.

388 2129 443 2179 ἐξ.
469 2131 518 2168 20
553 2129 738 2179 ὡμολόγει
769 2132 837 2179 μὲν
870 2131 1051 2181 εἰρηκέναι
1083 2135 1219 2167 ταῦτα
1250 2131 1344 2183 πρὸς
1378 2136 1540 2176 τοῦτον,
1572 2132 1617 2167 οὐ

289 2193 423 2242 μέντοι
457 2206 496 2241 γε
533 2191 639 2236 ἐντὸς
675 2189 726 2228 (ὂν
761 2192 887 2229 εἰπεῖν
914 2192 1052 2235 αὑτοῦ,
1087 2192 1135 2229 35
1170 2193 1239 2229 οὐκ
1273 2191 1379 2236 ἐντὸς
1414 2189 1465 2228 (ὂν
1492 2188 1617 2227 αὑτοῦ

288 2260 407 2301 φησιν
434 2250 715 2289 εἰπεῖν-τότ’
743 2252 849 2296 ἐντὸς
884 2251 983 2288 εἶναί
1012 2258 1131 2300 φησιν
1159 2254 1297 2296 αὑτοῦ,
1324 2253 1372 2290 49
1405 2252 1525 2289 εἰπεῖν
1552 2251 1618 2299 μὲν

288 2311 484 2362 ὡμολόγει,
512 2314 557 2349 οὐ
587 2312 720 2362 μέντοι
747 2314 781 2363 γ’
809 2313 916 2358 ἐντὸς
945 2308 996 2350 οἷν
1024 2314 1150 2349 αὑτοῦ
1170 2314 1298 2351 εἰπεῖν.

388 2372 443 2420 ἓξ.
462 2374 505 2410 21
530 2375 598 2409 οὐκ
626 2372 777 2421 ἀπέγνω
797 2378 861 2417 τῆς
888 2373 994 2415 δίκης
1010 2395 1060 2400 -
1075 2379 1319 2422 καταγνῶναι
1333 2395 1383 2401 --
1397 2373 1618 2418 ἀπογνῶναι

286 2438 350 2477 τῆς
384 2433 499 2478 δίκης,
526 2434 574 2470 45
609 2434 641 2469 εἰ
674 2434 694 2468 ὁ
723 2434 769 2468 Θ.
800 2432 950 2482 ἀπέγνω
986 2439 1054 2478 τῆς
1087 2433 1186 2479 δίκης
1206 2431 1432 2483 -γνόντος
1467 2436 1541 2469 τοῦ
1569 2432 1616 2469 Θ.

289 2492 446 2530 ἀπιέναι
473 2493 736 2540 ἡμᾶς-ἔγνω
764 2491 1033 2531 ἀπιέναι-εἰ
1059 2494 1294 2542 ἀπογνοίητε
1320 2498 1388 2537 τῆς
1415 2493 1524 2537 δίκης.

389 2552 443 2600 ἓξ.
469 2554 517 2590 27
551 2553 587 2597 ἐξ
612 2554 727 2603 ἀρχῆς
756 2553 884 2597 εὐθύς,
911 2554 959 2590 33
988 2554 1100 2597 εὐθὺς
1133 2554 1170 2597 ἐξ
1197 2554 1326 2605 ἀρχῆς,
1353 2553 1403 2591 40
1425 2554 1462 2598 ἐξ
1490 2553 1616 2603 ἀρχῆς.
