1782 2980
839 189 1063 223 ,4-

260 302 341 346 ‘est
371 297 547 343 iudicata,
574 310 673 348 quae
700 297 738 335 in
772 297 894 335 indice
927 300 1119 334 oratorum
1146 296 1378 334 Graecorum
1409 297 1490 335 siue
1521 298 1611 335 ἀνα-

283 364 411 408 γραφῇ
447 363 526 394 τῶν
574 348 780 409 ῥητορικῶν
825 359 902 396 scil.
950 356 1261 409 συγγραμμάτων
1275 356 1303 404 1)
1349 357 1613 395 Demostheni-

283 431 412 455 carum
448 418 661 456 orationum
697 419 844 470 corpori
887 418 1174 468 adiungeretur:
1218 430 1241 455 a
1280 417 1539 457 Demosthene
1572 429 1613 456 re

282 492 376 517 uera
403 492 488 517 eam
516 491 597 517 esse
625 479 875 530 conscriptam
893 479 1010 529 uulgo
1028 482 1177 516 ueteres
1204 491 1271 529 pro
1298 482 1400 516 certo
1426 478 1615 528 putabant

283 560 332 564 —
360 539 460 587 quod
487 539 640 587 quidem
673 539 881 577 uideamus.
932 539 1033 576 Nam
1065 542 1174 576 erant
1208 538 1285 575 iam
1319 542 1412 587 tum,
1439 538 1614 587 quamuis

283 600 474 651 perpauci,
497 623 547 627 —
571 600 830 651 imprimisque
849 600 920 638 hoc
944 600 1026 638 loco
1044 599 1250 647 Dionysius
1267 598 1614 637 Halicarnassensis

284 664 341 697 est
365 659 579 697 laudandus
606 682 654 686 —-
683 661 748 708 qui
775 661 1044 711 perspicerent,
1070 671 1186 707 quam
1205 658 1462 696 Callimachus
1487 659 1614 708 negle-

284 723 416 767 genter
457 723 571 768 atque
614 719 751 758 leuiter
793 732 1004 771 parumque
1044 732 1134 757 usus
1174 719 1303 756 critica
1337 719 1494 768 ratione,
1529 732 1615 756 cum

283 793 359 817 non
385 783 464 817 tam
490 780 681 817 rhetorica
699 791 815 828 quam
842 780 992 830 poetica
1012 779 1266 817 delectaretur
1293 783 1387 827 arte,
1406 779 1445 816 in
1471 779 1616 828 ingenti

283 839 496 877 orationum
523 840 635 877 turba
662 840 760 878 inter
787 844 955 878 oratores
973 838 1230 891 dispensanda
1256 843 1433 877 uersatus
1452 842 1551 877 esset
1577 843 1615 877 et

284 911 399 949 quam
432 900 535 938 haud
569 900 687 939 semel
724 913 924 951 perperam
963 900 1073 938 alteri
1105 900 1262 938 alterius
1303 900 1496 938 tribuisset
1532 913 1614 937 ora-

282 961 423 998 tionem
434 959 464 1007 2)
497 960 669 1009 uestigiis
704 960 890 998 adductus
923 960 1140 998 leuissimis:
1180 959 1246 998 sed
1279 964 1322 997 ut
1354 959 1521 997 maxime
1558 964 1615 997 est

283 1020 498 1069 dolendum,
528 1020 629 1069 quod
663 1021 860 1070 ignoratur
886 1021 1049 1069 omnino,
1080 1020 1170 1069 quid
1198 1020 1415 1070 Dionysius,
1447 1033 1615 1058 summus

282 1081 346 1119 ille
381 1085 496 1130 atque
530 1081 760 1118 clarissimus
794 1080 1062 1119 Demosthenis
1102 1080 1265 1129 criticus,
1304 1080 1530 1118 iudicauerit
1567 1079 1614 1118 de

282 1143 394 1189 longe
440 1141 613 1191 plurimis
651 1141 921 1180 Demosthenis
967 1141 1199 1179 orationibus
1243 1141 1419 1192 priuatis,
1459 1152 1532 1190 quo
1576 1141 1614 1178 in

283 1215 440 1239 numero
474 1206 603 1239 nostra
630 1213 780 1251 quoque
816 1205 885 1248 est,
919 1202 972 1239 ita
998 1201 1292 1253 Harpocration,
1318 1214 1404 1239 cum
1435 1201 1615 1239 orationis

283 1262 482 1300 XXXIIII
522 1262 614 1301 facit
654 1263 895 1309 mentionem,
936 1275 980 1300 eo
1020 1262 1121 1311 quod
1159 1262 1277 1300 uerba
1311 1262 1543 1299 orationibus
1576 1262 1615 1299 in

283 1322 439 1360 dubium
475 1323 620 1361 uocatis
654 1323 879 1374 plerumque
913 1322 1073 1369 adiecta,
1107 1334 1206 1371 quae
1240 1325 1327 1360 sunt
1354 1322 1385 1358 εἰ
1414 1322 1565 1368 γνήσιος
1594 1322 1614 1357 ὁ

283 1382 406 1429 λόγος,
442 1382 583 1421 addere
619 1383 770 1430 omittit,
807 1396 880 1421 non
918 1382 1208 1420 abiudicandam
1243 1381 1491 1419 Demostheni
1528 1394 1612 1418 eam

283 1456 365 1481 csse
397 1442 549 1481 uidetur
581 1443 766 1494 p1·ofiteri;
793 1458 820 1482 s.
847 1457 883 1482 u.
915 1443 1120 1488 ἐπιθέτους
1148 1444 1300 1494 ἐορτάςε
1335 1442 1540 1488 ἐπιθέτους
1573 1443 1614 1480 δὲ

283 1504 494 1549 ἐπιστολὰς
523 1505 673 1548 Λυσίας
701 1506 739 1541 ἐν
766 1510 821 1554 τῷ
847 1503 953 1540 κατὰ
972 1504 1256 1554 Θρασυβούλου
1283 1503 1391 1547 τινὰς
1419 1502 1612 1551 ὀνομάζει,

282 1563 385 1610 λέγοι
419 1563 508 1602 δὀἲν
543 1564 616 1609 τὰς
645 1566 827 1611 δοθείσας
854 1565 959 1603 τισὶν
992 1563 1083 1610 (ὅςτε
1115 1564 1356 1613 διακομίσαι.
1392 1563 1511 1612 λέγειν
1537 1565 1610 1615 γὰρ

282 1623 325 1667 ἦν
361 1625 583 1672 εἰθισμένον
625 1625 806 1669 ἐπέθηκεν
841 1626 1052 1670 ἐπιστολὰς
1088 1625 1179 1663 ἀντὶ
1212 1631 1286 1661 τοῦ
1320 1624 1532 1675 παρέδωκεν
1568 1626 1613 1666 ὡς

284 1683 526 1730 Δημοσθένης
568 1686 607 1721 ἐν
639 1691 695 1734 τῷ
731 1685 824 1737 ὑπὲρ
860 1685 1090 1737 Χρυσίππου
1138 1685 1230 1736 πρὸς
1278 1684 1349 1728 τὴν
1393 1683 1613 1735 Φορμίωνος

282 1746 543 1794 παραγραῴήν
572 1768 619 1772 ——
646 1750 683 1783 et
711 1759 738 1783 S.
765 1759 800 1783 u.
827 1744 988 1794 ἔφεκτος
1023 1744 1155 1788 τόκοςε
1190 1746 1210 1781 ὁ
1237 1745 1300 1781 ἐπὶ
1334 1750 1389 1794 τῷ
1416 1742 1512 1793 ’ἕκτῳ
1538 1749 1613 1779 τοῦ

281 1804 509 1850 κεφαλαίου·
564 1805 807 1852 Δημοσθένης
837 1806 876 1842 ἐν
909 1810 965 1853 τῷ
998 1805 1091 1855 «ὑπὲρ
1119 1806 1362 1855 Χρυσίππου.
1417 1803 1614 1841 Consentit

282 1874 366 1899 cum
401 1862 472 1901 hoc
507 1864 626 1903 Iulius
660 1865 812 1914 Pollux,
847 1878 932 1903 cum
966 1865 1005 1902 in
1039 1864 1260 1903 onomastici
1292 1864 1377 1903 libri
1413 1864 1500 1903 noni
1527 1876 1612 1913 seg-

383 2017 405 2056 ¹)
428 2020 467 2050 cf.
491 2020 679 2052 Athenaeus
706 2021 777 2053 XV.
807 2020 894 2053 669d
926 2022 980 2052 καὶ
1015 2019 1072 2052 τὸν
1103 2019 1206 2061 λόγον
1238 2022 1355 2051 τοῦτον
1384 2021 1456 2060 (τοῦ
1483 2021 1613 2060 χαλκοῦ

281 2070 419 2107 ποιηιοῦ
456 2071 509 2099 καὶ
544 2068 680 2111 ῥήτορος
713 2073 909 2113 Διονυσίου)
944 2072 1115 2114 ἀνέγραψε
1154 2073 1369 2114 Καλλίμαχος
1405 2072 1442 2103 ἐν
1477 2072 1514 2114 τῇ
1548 2073 1614 2102 τῶν

280 2121 462 2160 ῥητορικῶν
484 2119 676 2164 ἀναγραφῇ.

382 2173 407 2209 2)
430 2175 470 2206 of.
485 2175 616 2214 Dionys.
635 2176 740 2206 Halic.
757 2176 796 2207 de
812 2176 976 2208 Dinarcho
997 2178 1092 2208 iudic.
1114 2187 1185 2217 cap.
1201 2177 1231 2208 I:
1253 2173 1341 2215 ὁρῶν
1362 2173 1462 2206 οὐδὲν
1484 2174 1614 2214 ἀκριβὲς

280 2221 353 2254 οὔτε
376 2227 596 2266 Καλλίμαχον
624 2222 698 2255 οὔτε
730 2223 804 2260 τοὺς
832 2226 868 2255 ἐκ
894 2223 1078 2268 Περγάμου
1113 2225 1366 2268 γραμματικοὺς
1401 2228 1477 2267 περὶ
1511 2225 1614 2257 αὐτοῦ

1207 2278 1214 2288 ‚
1263 2281 1277 2287 -
1323 2281 1337 2287 ,
1383 2278 1391 2288 ‚

282 2327 508 2372 ἡμαρτηκότας
529 2327 572 2365 ὠς
592 2328 639 2371 μὴ
658 2328 768 2371 μόνον
783 2330 947 2368 ἐψεῦσθαι
972 2329 1090 2372 πολλὰ,
1107 2330 1189 2362 ἀλλὰ
1211 2333 1267 2363 καὶ
1289 2329 1409 2372 λόγους
1424 2330 1498 2367 τοὺς
1512 2330 1613 2363 οὐδὲν

279 2382 344 2424 μὲν
372 2380 461 2421 αὐτῷ
486 2380 709 2423 προςὴκονῑας
735 2380 778 2418 ὡς
804 2381 993 2425 Δεινάρχου
1015 2381 1118 2424 τούτῳ
1140 2387 1391 2424 προςιιᾪεσθαι,
1422 2382 1498 2419 τοὺς
1525 2382 1609 2414 ‹F'im‘

281 2433 383 2465 ιιίνιοῦ
398 2437 589 2475 γραφέντας
603 2435 724 2475 ἑτέρων
738 2432 821 2466 εἶναι
840 2436 959 2475 λέγειν.
978 2459 985 2466 .
1008 2453 1045 2457 -
1069 2432 1261 2478 Harpocrat.
1279 2448 1303 2470 s.
1318 2448 1348 2468 u.
1365 2437 1613 2478 ἐνεπίοκημματ

279 2488 521 2527 Λημοσθένους
536 2484 618 2528 πρὸς
630 2489 770 2529 Κριτίαν
785 2488 860 2528 περὶ
877 2488 934 2518 τοῦ
951 2484 1250 2529 ἕνεπισκήμματος,
1266 2484 1307 2518 ὃν
1321 2488 1536 2530 Καλλίμαχος
1548 2487 1613 2530 μὲν

279 2535 466 2579 ἀντιγράφει
490 2536 533 2573 ὠς
547 2536 696 2579 γνήσιον,
714 2538 892 2575 Διονύσιος
913 2539 948 2570 δὲ
961 2537 1235 2582 Ἁλικαρνασσεὺς
1256 2537 1299 2576 ὠς
1320 2540 1610 2582 ψευδεπίγραφον.
