1783 2980
707 156 954 192 „25—

272 268 303 316 §.
333 269 400 305 42:
442 265 561 317 ὑπὲρ
601 266 649 303 δὲ
687 273 775 302 τοῦ
814 267 885 311 τὴν
919 268 1023 310 δίκην
1063 265 1304 316 εῑςαγώγιμον
1338 267 1437 303 εἶναι
1472 268 1493 302 ὁ

173 330 313 377 νόμος
348 327 466 370 αὐτὸς
501 326 921 378 διαμαρτύρεταιε
958 326 1158 377 singularis
1192 329 1249 364 est
1284 329 1492 372 struetura3

172 391 334 442 primum
366 386 465 426 enim
498 385 668 424 homines
695 389 842 424 tantum
877 388 1234 439 ,δια-μαρτύρεσθαι(
1268 386 1444 424 dicuntur
1469 399 1493 423 a

171 448 440 496 Demosthene,
463 446 599 485 deinde
623 446 694 485 hoc
717 447 876 485 uerbum
900 459 1086 496 nusquam
1109 460 1195 485 oum
1213 448 1492 499 praepositione

171 511 265 561 ὑπέρ
300 512 357 547 est
390 507 639 556 coniunctum,
675 507 720 544 cf.
747 507 813 545 VI.
842 508 902 555 29,
933 507 1080 545 XVIII.
1115 509 1174 555 23,
1201 510 1262 557 45,
1298 510 1380 556 143,
1409 509 1492 556 199,

172 569 338 608 XVIIII.
375 569 436 615 45,
479 569 561 615 119,
599 567 681 604 LV.
717 568 742 604 4'
773 588 823 593 —
850 566 1044 615 [XXXII]
1086 569 1142 615 19,
1181 567 1395 616 [XXXIII]
1432 570 1492 616 20,

173 626 410 678 [XXXXII]
462 629 497 676 5,
550 628 632 676 28,Ὶ
663 625 938 675 [ΧΧΧΧΙΠΙ]
991 629 1051 675 37,
1107 626 1378 676 [XXXXVH]
1431 630 1491 677 63,

173 687 465 739 [XXXXVHI]
500 689 560 736 46,
594 689 654 736 47,
689 686 800 736 [LII.]
835 689 894 726 30.

272 748 389 796 §.442
422 748 487 784 ὅτε
512 748 692 796 Θεοδότῳ
718 750 804 791 τὴν
834 749 1037 784 δίαιταν
1065 749 1419 798 ἐπετρέψαμεν,
1446 750 1493 787 cf.

173 809 204 858 ξ.
238 810 283 847 18
318 807 469 846 ἐδέοντο
503 809 599 858 ἡμῶν
633 806 834 860 ἐπιτρέψαι
865 808 957 853 τινί,
983 807 1070 846 ibid.
1102 810 1202 854 ἡμεῖς
1237 809 1493 862 ἐπετρέψαμεν

175 870 354 918 Θεοδότῳ
382 870 565 906 ἰσοτελεῐε
597 869 808 919 promiscue
833 870 903 912 τὴν
930 869 1087 905 δίαιταν
1115 870 1330 918 ἐπιτρέπειν
1355 871 1493 908 locutio

174 933 288 981 atque
313 928 456 966 nudum
482 928 643 967 uerbum
678 927 893 980 ἐπιτρέπειν
920 928 969 966 ab
1004 932 1156 966 auctore
1181 928 1292 967 huius
1318 930 1494 968 orationis

174 1004 218 1029 eo
245 1003 357 1028 sensu
384 993 470 1027 sunt
495 993 692 1041 usurpata,
726 990 791 1039 qui
824 993 881 1028 est
919 990 1080 1036 „arbitro
1107 990 1325 1040 permittere
1351 992 1494 1040 aliquid

173 1049 488 1088 diiudicandum“.
540 1049 686 1087 Verum
727 1062 750 1087 a
786 1049 1044 1087 Demosthene
1090 1049 1155 1086 illa
1193 1050 1331 1088 locutio
1370 1051 1494 1089 aliena

173 1111 323 1149 uidetur
349 1123 448 1159 esse,
484 1122 608 1160 neque
640 1110 739 1149 enim
765 1110 956 1148 inuenitur
982 1110 1053 1148 nisi
1086 1110 1124 1147 in
1151 1110 1382 1149 orationibus
1408 1125 1494 1163 sup-

173 1171 363 1223 positioiis,
389 1169 584 1218 [XXXX]
611 1172 659 1208 43
696 1175 733 1208 et
766 1169 958 1218 [LVIIII.]
991 1172 1050 1218 45,
1078 1173 1137 1219 68,
1170 1183 1256 1208 eum
1283 1172 1495 1222 ἐπιτρέπειν

173 1231 333 1270 uerbum
361 1230 498 1269 omisso
523 1231 594 1275 τὴν
621 1232 781 1269 δίαιταν
808 1231 1025 1269 aocusatiuo
1052 1231 1202 1281 saepius
1230 1231 1278 1269 sit
1303 1231 1495 1279 traditum,

174 1305 225 1329 or.
251 1291 417 1329 XXVII.
447 1293 463 1327 1
496 1292 578 1342 περὶ
606 1291 658 1328 ὦν
684 1291 952 1342 διαφερόμεθα
980 1300 1063 1335 τοῖς
1092 1292 1239 1335 οἰκείοις
1266 1293 1496 1342 ἐπιτρέπειν,

174 1351 358 1389 XXXVI.
388 1352 433 1389 15
465 1350 671 1401 ἐπιτρέψας
698 1351 739 1388 δὲ
770 1357 824 1401 τῷ
851 1366 895 1388 τε
924 1357 991 1396 τῆς
1020 1354 1143 1387 αὑτοῦ
1172 1351 1349 1401 γυναικὸς
1375 1353 1498 1401 πατρὶ

176 1414 239 1450 καὶ
270 1420 326 1463 τῷ
361 1413 599 1462 συγκηδεστῇ
641 1420 694 1462 τῷ
719 1414 856 1457 αὑτοῦ,
890 1411 1076 1450 ΧΧΧΧῙ.
1106 1413 1122 1449 1
1158 1411 1385 1461 βουλόμενος
1417 1413 1498 1449 δια-

175 1472 340 1509 λύεσθαι
383 1473 448 1508 καὶ
492 1479 575 1516 τοῖς
619 1473 747 1520 φίλοις
794 1473 1023 1523 ἐπιτρέπειν,
1065 1473 1113 1510 29
1158 1480 1241 1515 τοῖς
1281 1472 1410 1521 φίλοις
1449 1494 1498 1499 —

176 1532 394 1583 ἐπιτρέψας,
426 1531 508 1570 LV.
536 1533 558 1569 9
586 1532 645 1569 διὸ
674 1533 738 1569 καὶ
764 1540 847 1576 τοῖς
875 1533 1020 1570 εἰδόσιν
1047 1534 1264 1582 ἐπιτρέπειν
1291 1531 1498 1580 ἐβουλόμην

176 1592 255 1638 ἐγὼ,
282 1601 365 1635 τοῖς
392 1592 502 1636 ἴσοις,
529 1594 578 1629 35
605 1589 757 1641 ἕτοιμοι
785 1593 852 1637 μὲν
878 1592 969 1640 ἦμεν
995 1592 1212 1642 ἐπι-τρέπειν
1233 1601 1317 1635 τοῖς
1344 1592 1499 1635 εἰδόσιν,

174 1650 272 1696 ἰ’σοις
299 1652 364 1687 καὶ
381 1660 534 1696 κοινοῖς.
576 1650 632 1689 Cf.
659 1652 775 1689 etiam
802 1664 853 1689 ΟΥ.
881 1650 997 1699 [VII]
1028 1653 1061 1700 7,
1090 1652 1149 1697 36,
1175 1650 1410 1699 [XXVIHI]
1439 1652 1499 1699 58,

177 1709 391 1759 [XXXIII]
422 1713 479 1759 14,
499 1712 558 1758 32,
586 1710 782 1759 [XXXX.]
810 1713 858 1749 39
878 1716 945 1758 ter,
971 1713 1031 1760 40,
1059 1713 1120 1759 44,
1148 1710 1418 1759 [XXXXVII]
1439 1713 1500 1758 43,

175 1773 234 1817 45,
260 1772 318 1818 80,
346 1770 639 1819 [XXXXVIIL]
669 1773 704 1820 2,
731 1772 791 1820 40,
821 1770 932 1819 [LII.]
965 1773 1022 1819 14,
1052 1773 1109 1820 15,
1137 1772 1186 1808 30
1211 1771 1280 1808 bis.

275 1830 306 1879 ξ.
342 1833 408 1869 46:
462 1831 704 1876 ἀπόδοσις
745 1831 1025 1869 substantiuum
1066 1831 1168 1881 apud
1202 1830 1499 1869 Demosthenem

175 1904 249 1929 non
280 1892 441 1942 repperi.

275 1951 386 1989 Ibid.:
414 1953 446 1988 εἰ
464 1953 528 2000 μὲν
546 1951 615 2002 γὰρ
636 1955 655 1995 ἡ
675 1951 903 2002 μαρτυρία
921 1981 927 1988 .
945 1979 950 1985 .
968 1951 1284 1999 κατεβάλλετο
1304 1952 1500 1988 ἐνταῦὲαε

176 2010 450 2049 Demosthenes
483 2024 558 2048 non
592 2011 916 2059 καταβάλλεσθαι
953 2012 1184 2062 μαρτυρίαν,
1224 2010 1290 2048 sed
1329 2010 1501 2059 ἐμβάλ-

176 2072 349 2107 λεσθαι
387 2073 660 2123 μαρτυρίαν
694 2070 769 2108 scil.
796 2071 845 2116 εἰς
871 2071 942 2108 τὸν
969 2072 1097 2121 ἐχῖνον
1110 2071 1137 2116 ¹)
1165 2070 1289 2108 dicere
1326 2071 1430 2118 solet,
1456 2070 1502 2108 cf.

176 2130 342 2169 XXVII.
369 2133 413 2169 51
445 2134 659 2182 μαρτυρίαν
686 2133 720 2167 δ’
741 2133 941 2178 ἐνεβάλετο
977 2131 1179 2175 τοιαύτην,
1207 2133 1255 2169 54
1287 2132 1502 2181 μαρτυρίαν

178 2190 244 2236 μὲν
279 2190 458 2239 οὐδεμίαν
493 2190 692 2238 ἐνεβάλετο
724 2191 889 2235 τούτων,
916 2190 1104 2228 XXVIII.
1144 2192 1159 2227 1
1200 2193 1247 2234 ὡς
1275 2191 1308 2226 δ’
1338 2191 1502 2239 ὀφείλων

176 2250 417 2295 ἐτελεύτησεν
444 2252 592 2294 ἐκεῖνος,
622 2250 802 2298 οὐδεμίαν
836 2250 1053 2301 παρέσχετο
1090 2250 1315 2301 μαρτυρίαν·
1343 2251 1428 2286 ἀλλ’
1456 2251 1501 2292 ὡς

177 2309 242 2356 μὲν
268 2309 403 2359 ὦφλεν,
431 2311 630 2358 ἐνεβάλετο
657 2309 750 2357 (scil.
778 2309 1019 2361 μαρτυρίαν),
1046 2310 1170 2347 LIIII.
1196 2311 1244 2347 30
1271 2311 1503 2355 ἐμβάλλεται

177 2370 390 2421 μαρτυρίαν
425 2372 541 2416 ψευδῆ
565 2393 615 2397 -
642 2368 838 2418 [ΧΧΧΧ.]
872 2371 931 2418 21,
963 2371 1021 2419 28,
1049 2372 1109 2418 58,
1137 2367 1411 2418 [XXXXVII]
1444 2370 1502 2416 16,

178 2427 490 2478 [XXXXVIIII]
522 2433 577 2478 19,
605 2433 663 2468 55.

280 2539 301 2577 ¹)
324 2541 363 2571 of.
386 2541 495 2572 Meieri
518 2544 548 2571 et
572 2541 785 2571 Sohoemanni
807 2542 828 2572 1.
851 2541 870 2571 l.
894 2551 966 2582 lag.
988 2539 1046 2570 691
1070 2544 1157 2580 (pag.
1178 2538 1238 2569 904
1260 2540 1308 2570 ed.
1332 2538 1441 2579 Lipsj).

1304 2589 1323 2619 4
