1782 2980
789 206 1039 242 ..14-

352 320 382 361 ξ.
411 320 452 354 5:
480 316 722 365 δάνεισμα
750 317 991 365 uocabulum,
1019 317 1119 365 quod
1145 317 1286 366 legitur
1306 317 1345 354 in
1363 316 1416 364 ἐξ.
1436 318 1457 353 5
1477 320 1515 354 et
1534 318 1581 354 29

251 377 285 415 h.
305 391 367 425 or.,
393 390 416 414 a
435 376 692 415 Demosthene
711 377 829 415 semel
849 381 905 414 est
924 381 1160 426 usurpatum,
1180 376 1226 414 ef.
1245 390 1295 415 or.
1317 376 1523 415 XXXVII.
1542 378 1582 425 43

248 443 451 489 praeterea
470 442 598 475 exstat
622 437 680 475 his
704 438 813 475 loeis:
842 436 1036 486 [XXXV]
1056 439 1091 486 9,
1111 439 1170 485 41,
1189 435 1503 488 [XXXXVIIII.]
1527 439 1582 485 12,

250 497 380 546 [LVI]
413 500 443 546 l,
470 500 503 545 6,
530 500 589 536 35.

350 559 459 596 Ibid.:
478 559 663 608 singulari
682 558 1025 607 Demosthenisque
1044 559 1308 596 consuetudini
1326 572 1480 609 prorsus
1498 571 1581 596 con-

250 619 366 657 traria
385 619 433 657 ad
453 619 710 657 narrationem
729 618 951 657 transeundi
969 619 1114 659 ratione
1133 619 1252 657 utitur
1273 619 1386 657 huius
1404 619 1584 658 orationis

250 684 391 728 auctor,
429 693 515 718 eum
558 680 664 718 dicit:
711 680 956 730 ,,ἀναγκαῐον
1001 680 1035 716 δ’
1068 680 1153 717 ἐστὶ
1192 682 1375 731 βραχέα
1413 685 1500 717 τῶν
1539 681 1583 723 ἐξ

250 743 395 790 ἀρχῆς
431 741 693 788 διηγήσασθαι
719 741 836 788 ὑμῖν(
874 753 1048 787 „necesse
1082 743 1211 778 autem
1243 743 1300 778 est
1325 740 1434 778 uobis
1460 753 1583 791 pauca

249 814 297 839 ex
326 801 391 849 eis,
425 813 524 852 quae
559 800 608 838 ab
642 800 748 838 initio
783 804 869 838 aeta
904 806 1001 848 sunt,
1036 800 1218 839 narrari“.
1270 801 1450 839 Summus
1483 802 1581 839 enim

249 866 376 899 orator
416 861 465 898 ad
504 861 761 898 narrationem
801 860 985 898 accedens
1021 865 1168 898 tantum
1208 861 1316 898 abest
1356 865 1397 898 ut
1435 865 1582 911 partem

248 934 374 960 rerum
402 921 451 959 ab
479 921 585 959 initio
610 924 805 971 gestarum
834 933 874 958 se
905 925 1146 959 narraturum
1174 934 1257 960 esse
1284 922 1515 973 pronuntiet,
1541 926 1583 960 ut

249 982 352 1020 haud
379 983 497 1021 semel
523 983 638 1033 plane
673 986 788 1032 atque
822 982 962 1019 diserte
996 982 1098 1020 dicat
1125 983 1251 1020 omnia
1285 996 1324 1020 se
1352 996 1435 1021 esse
1460 984 1583 1033 prola-

249 1048 376 1080 turum
404 1043 453 1080 ab
480 1042 614 1080 ultimo
641 1043 757 1090 initio,
785 1042 831 1080 of.
858 1055 928 1079 orr.
954 1042 1060 1080 XXI.
1092 1044 1137 1080 12
1165 1040 1336 1079 ἕκαστον
1363 1044 1433 1079 ἀπ’
1467 1045 1583 1095 ἀρχῆς

250 1104 300 1141 ὧν
335 1103 521 1140 πέπονθα
563 1103 766 1147 ἐπιδείξας,
808 1100 853 1140 77
891 1102 1082 1150 βούλομαι
1124 1103 1168 1147 δὴ
1209 1105 1275 1140 καὶ
1314 1104 1399 1154 περὶ
1437 1105 1582 1147 ταύτης

248 1166 338 1211 ’ὑμῖν
365 1164 403 1207 ἐξ
439 1164 554 1214 ἀρχῆς
590 1165 722 1206 εἰπεῖν,
760 1162 927 1201 XXIIII.
958 1164 1004 1200 10
1029 1163 1066 1206 ἐξ
1102 1165 1218 1213 ἀρχῆς
1255 1163 1324 1200 οὖν
1352 1164 1390 1200 ἐν
1425 1163 1584 1212 βραχέσι

249 1225 303 1260 τὰ
327 1222 565 1275 πραχθέντα
599 1223 716 1270 δίειμι
751 1222 843 1273 πρὸς
876 1225 990 1270 ὑμᾶς,
1028 1222 1210 1260 XXXVI.
1238 1224 1261 1261 3
1288 1224 1325 1268 ἐξ
1361 1225 1476 1275 ἀρχῆς
1513 1223 1583 1261 οὖν

249 1282 415 1319 ἅπαντα
442 1283 496 1318 τὰ
524 1282 760 1334 πραχθέντα
873 1286 918 1326 ὡς
954 1279 1003 1320 οἲν
1031 1284 1205 1331 δύνωμαι
1232 1283 1297 1320 διὰ
1324 1284 1583 1334 βραχυτάτων

248 1342 369 1379 εἰπεῖν
396 1341 645 1394 πειράσομαι,
667 1340 729 1389 (cf.
748 1341 779 1389 ξ.
804 1344 849 1380 18
867 1342 922 1378 τὰ
942 1345 1007 1390 μὲν
1035 1342 1106 1380 οὖν
1124 1342 1376 1394 πεπραγμένα
1403 1343 1440 1386 ἐξ
1468 1344 1584 1394 ἀρχῆς

249 1401 412 1439 ἅπαντα
450 1401 665 1451 ἀκηκόατε),
692 1402 900 1441 XXXVII.
928 1405 951 1441 3
979 1403 1017 1447 ἐξ
1047 1405 1164 1454 ἀρχῆς
1200 1404 1248 1448 δ’,
1277 1406 1322 1448 ὡς
1359 1402 1408 1440 ἄν
1435 1402 1514 1448 οἷός
1540 1418 1583 1440 τε

246 1462 285 1507 ὦ,
313 1462 380 1498 διὰ
408 1463 667 1513 βραχυτάτων
696 1459 861 1500 ἅπαντα
894 1465 949 1501 τὰ
976 1463 1209 1513 πραχθέντα
1237 1465 1463 1512 διηγήσομαι
1490 1465 1583 1513 πρὸς

247 1526 357 1568 ὑμᾶς,
377 1522 501 1560 LIIII.
523 1523 545 1559 2
573 1522 611 1567 ἐξ
640 1523 758 1574 ἀρχῆς
787 1525 821 1560 δ’
842 1525 887 1569 ὡς
914 1521 1067 1560 ἕκαστα
1094 1523 1333 1575 πέπρακται,
1358 1524 1585 1572 διηγήσομαι

248 1583 342 1633 πρὸς
369 1587 483 1631 ὑμᾶς,
504 1585 549 1627 ὥς
572 1573 628 1619 ’ἄν
657 1582 734 1628 οἶός
761 1598 805 1620 τε
834 1583 860 1620 ὦ
889 1583 954 1620 διὰ
982 1583 1242 1633 βραχυτάτων
1268 1606 1318 1610 -
1345 1582 1540 1632 [XXXX]
1562 1586 1583 1621 5

248 1643 285 1685 ἐξ
322 1644 439 1693 ἀρχῆς
473 1645 574 1687 ὑμῖν,
614 1645 660 1687 ὡς
689 1638 739 1680 οἷν
766 1645 804 1680 ἐν
837 1641 1102 1694 βραχυτάτοις
1135 1643 1321 1691 δύνωμαι,
1355 1644 1584 1691 διηγήσομαι

248 1702 302 1738 τὰ
337 1702 581 1754 πραχθέντα,
610 1701 847 1751 [XXXXII.]
884 1705 907 1740 4
943 1704 981 1747 ἐξ
1009 1703 1124 1753 ἀρχῆς
1162 1703 1195 1739 δ’
1218 1705 1306 1752 ὑμῖν
1341 1701 1505 1740 ἅπαντα
1531 1704 1585 1740 τὰ

248 1761 520 1809 γενόμενα
556 1764 798 1813 διηγήσομαι,
835 1761 1088 1811 [ΧΧΧΧῙῙῙ]
1127 1764 1143 1799 1
1185 1763 1332 1812 ἀνάγκη
1370 1764 1460 1808 ἴσως
1500 1764 1585 1801 ἐστὶ

246 1823 300 1859 τὰ
327 1824 545 1872 πραχθέντ’
575 1823 613 1866 ἐξ
641 1823 758 1872 ἀρχῆς
787 1824 1062 1874 διηγήσασθαι,
1091 1822 1326 1872 [XXXXV]
1354 1825 1377 1861 2
1405 1824 1443 1868 ἐξ
1470 1825 1585 1876 ἀρχῆς

248 1885 281 1918 δ’
312 1886 358 1928 ὡς
387 1881 439 1919 οἳν
471 1883 550 1928 οἶός
577 1898 619 1920 τε
649 1882 677 1920 ὦ
713 1884 779 1921 διὰ
815 1884 1076 1935 βραχυτάτων
1111 1886 1231 1922 εἰπεῖν
1266 1885 1502 1936 πειράσομαι
1532 1885 1586 1922 τὰ

247 1944 514 1994 πεπραγμένα,
531 1942 806 1991 [XXXXVII.]
822 1944 844 1980 3
862 1943 1142 1995 ἀκροάσασθαι
1162 1945 1249 1995 περὶ
1267 1951 1340 1980 τοῦ
1357 1945 1586 1995 πράγματος

248 2005 285 2048 ἐξ
325 2004 442 2055 ἀρχῆς
485 2001 665 2049 ἅπαντα,
707 2002 1023 2052 [XXXXVIIII]
1061 2006 1084 2042 4
1125 2004 1341 2051 ἀναγκαῖόν
1380 2019 1445 2051 μοι
1485 2005 1587 2042 δοκεῖ

248 2063 348 2101 εἶναι
375 2064 413 2108 ἐξ
441 2064 559 2115 ἀρχῆς
588 2062 752 2102 ἅπαντα
780 2065 1044 2114 διηγήσασθαι
1069 2067 1173 2112 ὑμῖν,
1209 2063 1286 2112 [L]
1323 2066 1345 2101 2
1372 2066 1586 2112 ἀναγκαῖον

247 2124 291 2166 δή
312 2139 376 2171 μοι
401 2123 504 2160 δοκεῖ
531 2125 631 2161 εἶναι
659 2121 824 2162 ἅπαντα
852 2125 889 2168 ἐξ
917 2125 1035 2175 ἀρχῆς
1062 2125 1325 2172 διηγήσασθαι
1352 2126 1446 2173 πρὸς
1473 2127 1585 2173 ὑμᾶς,

244 2178 308 2226 (cf.
322 2183 353 2232 ξ.
369 2185 413 2221 21
431 2185 497 2221 καὶ
515 2186 637 2221 ταῦθ’
657 2187 750 2233 ὑμῖν
768 2184 1005 2234 διηγησάμην
1024 2185 1061 2230 ἐξ
1079 2183 1223 2236 ἀρχῆς),
1242 2183 1355 2233 [LII.]
1371 2186 1394 2222 2
1413 2185 1450 2230 ἐξ
1463 2186 1585 2237 ἀρχῆς

246 2246 280 2280 δ’
299 2248 390 2291 ὑμῖν
410 2245 651 2291 διηγήσομαι,
673 2243 864 2291 [LVIIII.]
888 2245 931 2280 17
951 2246 1066 2279 τοῦθ’
1086 2246 1177 2291 ὑμῖν
1195 2245 1385 2290 βούλομαι
1411 2246 1448 2288 ἐξ
1467 2246 1586 2295 ἀρχῆς

247 2305 407 2354 ἀκριβῶς
444 2303 643 2347 ἐπιδεῖξαι.
707 2303 777 2340 Oui
813 2303 949 2341 rationi
992 2302 1066 2341 duo
1101 2302 1354 2341 aduersantur
1397 2304 1481 2353 loci,
1521 2304 1586 2355 qui

246 2368 375 2403 tamen
411 2365 447 2402 in
483 2363 621 2415 spuriis
657 2369 810 2403 exstant
845 2364 1089 2410 orationibus,
1118 2363 1251 2413 [LIII]
1272 2368 1295 2402 3
1323 2366 1586 2416 διηγήσασθαι

247 2427 340 2477 πρὸς
354 2428 450 2474 ὑμᾶς
469 2425 523 2461 τὰ
543 2426 579 2469 ἐξ
600 2426 717 2477 ἀρχῆς
738 2431 775 2463 et
795 2424 926 2473 [LVI]
942 2427 964 2462 4
984 2425 1055 2468 τὴν
1070 2427 1104 2461 δ’
1121 2425 1240 2476 ἀρχὴν
1254 2433 1327 2461 τοῦ
1341 2425 1585 2475 συμβολαίου

246 2486 453 2530 διεξελθεῖν
478 2488 570 2535 ὑμῖν
596 2495 752 2537 πρῶτον
780 2487 981 2535 βούλομαι.

348 2546 586 2583 Offendimus
621 2547 736 2584 etiam
771 2547 809 2583 in
845 2559 901 2594 eo,
941 2546 1040 2595 quod
1081 2546 1283 2595 genetiuus
1324 2547 1388 2596 qui
1428 2549 1587 2583 uocatur
